@book{Card:1999:RIV:300679,
 editor = {Card, Stuart K. and Mackinlay, Jock D. and Shneiderman, Ben},
 title = {Readings in Information Visualization: Using Vision to Think},
 year = {1999},
 isbn = {1-55860-533-9},
 publisher = {Morgan Kaufmann Publishers Inc.},
 address = {San Francisco, CA, USA},
} 

@article{roberts2016sketching,
  title={Sketching designs using the five design-sheet methodology},
  author={Roberts, Jonathan C and Headleand, Chris and Ritsos, Panagiotis D},
  journal={IEEE Transactions on Visualization \& Computer Graphics},
  number={1},
  pages={419--428},
  year={2016},
  publisher={IEEE}
}

@article{he2017v,
  title={V iz I t C ards: A Card-Based Toolkit for Infovis Design Education},
  author={He, Shiqing and Adar, Eytan},
  journal={IEEE Transactions on Visualization \& Computer Graphics},
  number={1},
  pages={561--570},
  year={2017},
  publisher={IEEE}
}

@article{bertin1983semiology,
  title={Semiology of graphics: diagrams, networks, maps},
  author={Bertin, Jacques},
  year={1983},
  publisher={University of Wisconsin press}
}

@article{krekhov2019deadeye,
  title={Deadeye: A Novel Preattentive Visualization Technique Based on Dichoptic Presentation},
  author={Krekhov, Andrey and Kr{\"u}ger, Jens},
  journal={IEEE transactions on visualization and computer graphics},
  volume={25},
  number={1},
  pages={936--945},
  year={2019},
  publisher={IEEE}
}

@article{Heer2010ATT,
  title={A tour through the visualization zoo},
  author={Jeffrey Heer and Michael Bostock and Vadim Ogievetsky},
  journal={ACM Queue},
  year={2010},
  volume={8},
  pages={20}
}


@article{Healey:2012:AVM:2225054.2225226,
 author = {Healey, Christopher and Enns, James},
 title = {Attention and Visual Memory in Visualization and Computer Graphics},
 journal = {IEEE Transactions on Visualization and Computer Graphics},
 issue_date = {July 2012},
 volume = {18},
 number = {7},
 month = jul,
 year = {2012},
 issn = {1077-2626},
 pages = {1170--1188},
 numpages = {19},
 url = {http://dx.doi.org/10.1109/TVCG.2011.127},
 doi = {10.1109/TVCG.2011.127},
 acmid = {2225226},
 publisher = {IEEE Educational Activities Department},
 address = {Piscataway, NJ, USA},
 keywords = {Attention, color, motion, nonphotorealism, texture, visual memory, visual perception, visualization.},
} 

@article{wolfe2017five,
  title={Five factors that guide attention in visual search},
  author={Wolfe, Jeremy M and Horowitz, Todd S},
  journal={Nature Human Behaviour},
  volume={1},
  number={3},
  pages={0058},
  year={2017},
  publisher={Nature Publishing Group}
}


@inproceedings{rodrigues2006reviewing,
  title={Reviewing data visualization: an analytical taxonomical study},
  author={Rodrigues, Jose F and Traina, Agma JM and de Oliveira, Maria Cristina Ferreira and Traina, C},
  booktitle={Information Visualization, 2006. IV 2006. Tenth International Conference on},
  pages={713--720},
  year={2006},
  organization={IEEE}
}

@incollection{shneiderman2003eyes,
  title={The eyes have it: A task by data type taxonomy for information visualizations},
  author={Shneiderman, Ben},
  booktitle={The Craft of Information Visualization},
  pages={364--371},
  year={2003},
  publisher={Elsevier}
}

@inproceedings{Isenberg:2008:ESV:1357054.1357245,
 author = {Isenberg, Petra and Tang, Anthony and Carpendale, Sheelagh},
 title = {An Exploratory Study of Visual Information Analysis},
 booktitle = {Proceedings of the SIGCHI Conference on Human Factors in Computing Systems},
 series = {CHI '08},
 year = {2008},
 isbn = {978-1-60558-011-1},
 location = {Florence, Italy},
 pages = {1217--1226},
 numpages = {10},
 url = {http://doi.acm.org/10.1145/1357054.1357245},
 doi = {10.1145/1357054.1357245},
 acmid = {1357245},
 publisher = {ACM},
 address = {New York, NY, USA},
 keywords = {analysis process, collaboration, information visualization},
} 


@article{doi:10.1080/15710880701607404,
author = { Kim   Halskov  and  Peter   Dalsgaard },
title = {The emergence of ideas: the interplay between sources of inspiration and emerging design concepts},
journal = {CoDesign},
volume = {3},
number = {4},
pages = {185-211},
year  = {2007},
publisher = {Taylor & Francis},
doi = {10.1080/15710880701607404},

URL = { 
        https://doi.org/10.1080/15710880701607404
    
},
eprint = { 
        https://doi.org/10.1080/15710880701607404
    
}

}



@ARTICLE{5613431, 
author={L. Grammel and M. Tory and M. A. Storey}, 
journal={IEEE Transactions on Visualization and Computer Graphics}, 
title={How Information Visualization Novices Construct Visualizations}, 
year={2010}, 
volume={16}, 
number={6}, 
pages={943-952}, 
keywords={data analysis;data visualisation;data attribute selection;exploratory data analysis;human mediator;information visualization;iterative refinement;iterative visualization construction;sales data;visual analytics process;visual mapping specification;visual template selection;visualization interpretation;visualization specifications;Decision support systems;IEEE Computer Society;Visualization;Empirical study;novices;visual analytics;visual mapping;visualization;visualization construction}, 
doi={10.1109/TVCG.2010.164}, 
ISSN={1077-2626}, 
month={Nov},}



@ARTICLE{4376133, 
author={J. Mackinlay and P. Hanrahan and C. Stolte}, 
journal={IEEE Transactions on Visualization and Computer Graphics}, 
title={Show Me: Automatic Presentation for Visual Analysis}, 
year={2007}, 
volume={13}, 
number={6}, 
pages={1137-1144}, 
keywords={algebraic specification;data analysis;data visualisation;specification languages;user interfaces;algebraic specification language;automatic presentation;data analysis;data visualization;graphic design;small multiple display;user interface;visual analysis system;Best practices;Data analysis;Data visualization;Displays;Encoding;Graphics;Information analysis;Specification languages;User interfaces;Automatic presentation;best practices;data visualization;graphic design;small multiples.;visual analysis;Computer Graphics;Expert Systems;Information Storage and Retrieval;Programming Languages;Software;Software Design;User-Computer Interface}, 
doi={10.1109/TVCG.2007.70594}, 
ISSN={1077-2626}, 
month={Nov},}


@inproceedings{Bigelow:2014:RDD:2598153.2598175,
 author = {Bigelow, Alex and Drucker, Steven and Fisher, Danyel and Meyer, Miriah},
 title = {Reflections on How Designers Design with Data},
 booktitle = {Proceedings of the 2014 International Working Conference on Advanced Visual Interfaces},
 series = {AVI '14},
 year = {2014},
 isbn = {978-1-4503-2775-6},
 location = {Como, Italy},
 pages = {17--24},
 numpages = {8},
 url = {http://doi.acm.org/10.1145/2598153.2598175},
 doi = {10.1145/2598153.2598175},
 acmid = {2598175},
 publisher = {ACM},
 address = {New York, NY, USA},
 keywords = {design practice, infographics, visualization},
} 



@ARTICLE{7192728, 
author={K. Wongsuphasawat and D. Moritz and A. Anand and J. Mackinlay and B. Howe and J. Heer}, 
journal={IEEE Transactions on Visualization and Computer Graphics}, 
title={Voyager: Exploratory Analysis via Faceted Browsing of Visualization Recommendations}, 
year={2016}, 
volume={22}, 
number={1}, 
pages={649-658}, 
keywords={data visualisation;question answering (information retrieval);recommender systems;Voyager;automatically-generated visualizations;data variable coverage;manual chart construction;mixed-initiative system;question-answering;recommended chart faceted browsing;visual encodings;visualization recommendations;Browsers;Compass;Data visualization;Encoding;Grammar;Image color analysis;Visualization;User interfaces;exploratory analysis;information visualization;mixed-initiative systems;visualization recommendation}, 
doi={10.1109/TVCG.2015.2467191}, 
ISSN={1077-2626}, 
month={Jan},}


@inproceedings{Bateman:2010:UJE:1753326.1753716,
 author = {Bateman, Scott and Mandryk, Regan L. and Gutwin, Carl and Genest, Aaron and McDine, David and Brooks, Christopher},
 title = {Useful Junk?: The Effects of Visual Embellishment on Comprehension and Memorability of Charts},
 booktitle = {Proceedings of the SIGCHI Conference on Human Factors in Computing Systems},
 series = {CHI '10},
 year = {2010},
 isbn = {978-1-60558-929-9},
 location = {Atlanta, Georgia, USA},
 pages = {2573--2582},
 numpages = {10},
 url = {http://doi.acm.org/10.1145/1753326.1753716},
 doi = {10.1145/1753326.1753716},
 acmid = {1753716},
 publisher = {ACM},
 address = {New York, NY, USA},
 keywords = {charts, imagery, information visualization, memorability},
} 


@inproceedings{Harrison:2015:IAD:2702123.2702545,
 author = {Harrison, Lane and Reinecke, Katharina and Chang, Remco},
 title = {Infographic Aesthetics: Designing for the First Impression},
 booktitle = {Proceedings of the 33rd Annual ACM Conference on Human Factors in Computing Systems},
 series = {CHI '15},
 year = {2015},
 isbn = {978-1-4503-3145-6},
 location = {Seoul, Republic of Korea},
 pages = {1187--1190},
 numpages = {4},
 url = {http://doi.acm.org/10.1145/2702123.2702545},
 doi = {10.1145/2702123.2702545},
 acmid = {2702545},
 publisher = {ACM},
 address = {New York, NY, USA},
 keywords = {aesthetics, infographics, visualization},
} 

@ARTICLE{6875978, 
author={L. Harrison and F. Yang and S. Franconeri and R. Chang}, 
journal={IEEE Transactions on Visualization and Computer Graphics}, 
title={Ranking Visualizations of Correlation Using Weber's Law}, 
year={2014}, 
volume={20}, 
number={12}, 
pages={1943-1952}, 
keywords={data visualisation;human factors;outsourcing;psychology;Weber law;Weber models;correlation judgment precision;correlation perception;correlation visualization ranking;information visualization;large-scale crowdsourced experiment;negatively correlated data;perceptual laws;perceptual precision comparison;perceptual precision quantification;perceptual precision ranking;positively correlated data;quantitative visualization design effectiveness evaluation;Crowdsourcing;Data models;Data visualization;Design methodology;Image color analysis;Testing;Evaluation;Perception;Visualization}, 
doi={10.1109/TVCG.2014.2346979}, 
ISSN={1077-2626}, 
month={Dec},}


@ARTICLE{6634103, 
author={M. A. Borkin and A. A. Vo and Z. Bylinskii and P. Isola and S. Sunkavalli and A. Oliva and H. Pfister}, 
journal={IEEE Transactions on Visualization and Computer Graphics}, 
title={What Makes a Visualization Memorable?}, 
year={2013}, 
volume={19}, 
number={12}, 
pages={2306-2315}, 
keywords={data visualisation;Amazon;Mechanical Turk;data understanding;data-ink ratios;government reports;infographic sources;memorability scores;news media sites;scientific journals;visual densities;visualization community;visualization type;Data visualization;Encoding;Information technology;Taxonomy;Data visualization;Encoding;Information technology;Taxonomy;Visualization taxonomy;information visualization;memorability;Artificial Intelligence;Cues;Humans;Image Interpretation, Computer-Assisted;Memory;Pattern Recognition, Visual;Task Performance and Analysis;User-Computer Interface}, 
doi={10.1109/TVCG.2013.234}, 
ISSN={1077-2626}, 
month={Dec},}

@book{Tufte:1986:VDQ:33404,
 author = {Tufte, Edward R.},
 title = {The Visual Display of Quantitative Information},
 year = {1986},
 isbn = {0-9613921-0-X},
 publisher = {Graphics Press},
 address = {Cheshire, CT, USA},
} 


@INPROCEEDINGS{1382903, 
author={M. Tory and T. Moller}, 
booktitle={IEEE Symposium on Information Visualization}, 
title={Rethinking Visualization: A High-Level Taxonomy}, 
year={2004}, 
volume={}, 
number={}, 
pages={151-158}, 
keywords={data visualisation;human factors;pattern classification;user modelling;conceptual model;design model;high-level visualization taxonomy;pattern classification;spatialization;user model;Algorithm design and analysis;Application software;Data visualization;Displays;Graphics;Humans;Information theory;Taxonomy;Timing;Usability;classification;conceptual model;design model;taxonomy;user model;visualization}, 
doi={10.1109/INFVIS.2004.59}, 
ISSN={1522-404X}, 
month={},}


@inproceedings{Lengler:2007:TPT:1712936.1712954,
 author = {Lengler, Ralph and Eppler, Martin J.},
 title = {Towards a Periodic Table of Visualization Methods of Management},
 booktitle = {Proceedings of the IASTED International Conference on Graphics and Visualization in Engineering},
 series = {GVE '07},
 year = {2007},
 isbn = {978-0-88986-627-0},
 location = {Clearwater, Florida},
 pages = {83--88},
 numpages = {6},
 url = {http://dl.acm.org/citation.cfm?id=1712936.1712954},
 acmid = {1712954},
 publisher = {ACTA Press},
 address = {Anaheim, CA, USA},
 keywords = {classification, knowledge visualization, knowledge visualization methods, periodic table, problem solving, selection framework, visualisation types},
} 


@Inbook{Heer2008,
author="Heer, Jeffrey
and van Ham, Frank
and Carpendale, Sheelagh
and Weaver, Chris
and Isenberg, Petra",
editor="Kerren, Andreas
and Stasko, John T.
and Fekete, Jean-Daniel
and North, Chris",
title="Creation and Collaboration: Engaging New Audiences for Information Visualization",
bookTitle="Information Visualization: Human-Centered Issues and Perspectives",
year="2008",
publisher="Springer Berlin Heidelberg",
address="Berlin, Heidelberg",
pages="92--133",
abstract="In recent years we have seen information visualization technology move from an advanced research topic to mainstream adoption in both commercial and personal use. This move is in part due to many businesses recognizing the need for more effective tools for extracting knowledge from the data warehouses they are gathering. Increased mainstream interest is also a result of more exposure to advanced interfaces in contemporary online media. The adoption of information visualization technologies by lay users -- as opposed to the traditional information visualization audience of scientists and analysts -- has important implications for visualization research, design and development. Since we cannot expect each of these lay users to design their own visualizations, we have to provide them tools that make it easy to create and deploy visualizations of their datasets.",
isbn="978-3-540-70956-5",
doi="10.1007/978-3-540-70956-5_5",
url="https://doi.org/10.1007/978-3-540-70956-5_5"
}


@article{Pretorius:2009:UWS:1774779.1774782,
 author = {Pretorius, A. Johannes and Van Wijk, Jarke J.},
 title = {What Does the User Want to See?: What Do the Data Want to Be?},
 journal = {Information Visualization},
 issue_date = {June 2009},
 volume = {8},
 number = {3},
 month = jun,
 year = {2009},
 issn = {1473-8716},
 pages = {153--166},
 numpages = {14},
 url = {http://dx.doi.org/10.1057/ivs.2009.13},
 doi = {10.1057/ivs.2009.13},
 acmid = {1774782},
 publisher = {Palgrave Macmillan},
 keywords = {case study, data-centered design, design study, evaluation, information visualization, user-centered design},
} 


@inproceedings{Yasuda:2016:EIB:2968220.2968224,
 author = {Yasuda, Kouhei and Takahashi, Shigeo and Wu, Hsiang-Yun},
 title = {Enhancing Infographics Based on Symmetry Saliency},
 booktitle = {Proceedings of the 9th International Symposium on Visual Information Communication and Interaction},
 series = {VINCI '16},
 year = {2016},
 isbn = {978-1-4503-4149-3},
 location = {Dallas, TX, USA},
 pages = {35--42},
 numpages = {8},
 url = {http://doi.acm.org/10.1145/2968220.2968224},
 doi = {10.1145/2968220.2968224},
 acmid = {2968224},
 publisher = {ACM},
 address = {New York, NY, USA},
 keywords = {Symmetry saliency, image enhancement, infographics, visual attention},
} 


@Article{Siricharoen2017,
author="Siricharoen, Waralak V.
and Vinh, Phan Cong",
title="Question matrix method according to divided dimensions of infographics evaluation",
journal="Personal and Ubiquitous Computing",
year="2017",
month="Apr",
day="01",
volume="21",
number="2",
pages="219--233",
abstract="The visual/image is very good expression in the cultural heritage domain. Visual archive is one of the recording techniques for cultural heritage along with the static image like a picture and the reports documenting contents in literature. One category of lively image is infographic which usually created and shared by using ICT. The infographics are widely used nowadays because the people need less time to summarize all the needed information. There is the massive amount of information flooding, especially on the internet. However, there is pretty of not so good designed infographic which has been published in the social media. So the evaluation approach is about how user distinct the bad infographics from the good infographics, also user can evaluate infographics and improve them before launch them through media. This research aims to draw the essential summary according to the important issue of infographic evaluation, for the audience can find the way to improve and create the better infographics. The paper introduces the communication theories and classifies the template types of infographics of the static and interactive infographic. The questions of evaluation dimensions bundle into the three core foundation of the infographic which are Visual, Content, and Knowledge.",
issn="1617-4917",
doi="10.1007/s00779-016-0988-7",
url="https://doi.org/10.1007/s00779-016-0988-7"
}


@ARTICLE{4376133, 
author={J. Mackinlay and P. Hanrahan and C. Stolte}, 
journal={IEEE Transactions on Visualization and Computer Graphics}, 
title={Show Me: Automatic Presentation for Visual Analysis}, 
year={2007}, 
volume={13}, 
number={6}, 
pages={1137-1144}, 
keywords={algebraic specification;data analysis;data visualisation;specification languages;user interfaces;algebraic specification language;automatic presentation;data analysis;data visualization;graphic design;small multiple display;user interface;visual analysis system;Best practices;Data analysis;Data visualization;Displays;Encoding;Graphics;Information analysis;Specification languages;User interfaces;Automatic presentation;best practices;data visualization;graphic design;small multiples.;visual analysis;Computer Graphics;Expert Systems;Information Storage and Retrieval;Programming Languages;Software;Software Design;User-Computer Interface}, 
doi={10.1109/TVCG.2007.70594}, 
ISSN={1077-2626}, 
month={Nov},}


@inproceedings{Chi:2000:TVT:857190.857691,
 author = {Chi, Ed H.},
 title = {A Taxonomy of Visualization Techniques Using the Data State Reference Model},
 booktitle = {Proceedings of the IEEE Symposium on Information Vizualization 2000},
 series = {INFOVIS '00},
 year = {2000},
 isbn = {0-7695-0804-9},
 pages = {69--},
 url = {http://dl.acm.org/citation.cfm?id=857190.857691},
 acmid = {857691},
 publisher = {IEEE Computer Society},
 address = {Washington, DC, USA},
 keywords = {Information Visualization, Data State Model, Reference Model, Taxonomy, Techniques, Operators},
} 

@misc{
contest,
  title = {{
Student Infographics Contest 2018}},
  howpublished = {\url{https://graphiccompetitions.com/students-only/student-infographics-contest-2018}},
  note = {Accessed: 2018-03-20}
}

@book{lupi2016dear,
  title={Dear Data},
  author={Lupi, Giorgia and Posavec, Stefanie},
  year={2016},
  publisher={Chronicle Books}
}


@book{lankow2012infographics,
  title={Infographics: The power of visual storytelling},
  author={Lankow, Jason and Ritchie, Josh and Crooks, Ross},
  year={2012},
  publisher={John Wiley \& Sons}
}

@article{prensky2001they,
  title={Do they really think differently},
  author={Prensky, Marc and Berry, Bruce D},
  journal={On the horizon},
  volume={9},
  number={6},
  pages={1--9},
  year={2001}
}























%% This BibTeX bibliography file was created using BibDesk.
%% http://bibdesk.sourceforge.net/

%% Created for Michael Michalski at 2018-03-22 13:04:51 +0100 


%% Saved with string encoding Unicode (UTF-8) 



@article{Martin:2012:DBDTNCE,
	Author = {Rodger Martin},
	Date-Added = {2018-03-22 12:00:09 +0000},
	Date-Modified = {2018-03-22 12:01:47 +0000},
	Journal = {ACAD MANAG LEARN EDU},
	Month = {june},
	Number = {2},
	Pages = {315-318},
	Title = {The Design of Business: Why Design Thinking Is the Next Competitive Edge},
	Volume = {11},
	Year = {2012}}

@book{Brooks:2010:DDEFCS,
	Author = {Brooks, Frederick P.},
	Date-Added = {2018-03-22 11:55:23 +0000},
	Date-Modified = {2018-03-22 11:55:28 +0000},
	Edition = {1st},
	Isbn = {0201362988, 9780201362985},
	Publisher = {Addison-Wesley Professional},
	Title = {The Design of Design: Essays from a Computer Scientist},
	Year = {2010}}

@book{Cross:1996:ADA,
	Author = {Cross, Nigel, 1942- and Dorst, Kees and Christiaans, Henri},
	Catalogue-Url = {https://trove.nla.gov.au/work/7134818},
	Contents = {Machine derived contents note: Partial table of contents: -- The Design Problem and Its Structure (K. Dorst). -- The Designer as a Team of One (G. Goldschmidt). -- Ingredients of the Design Process: A Comparison Between Group and Individual Work (S. Dwarakanath & L. Blessing). -- Design Strategies (C. Baykan). -- Analysis of Design Protocol by Functional Evolution Process Model (H. Takeda, et al.). -- Design Activity Structural Categories (V. Popovic). -- Comparing Paradigms for Describing Design Activity (K. Dorst & J. Dijkhuis). -- Observations of Teamwork and Social Processes in Design (N. Cross & A. Cross). -- Concurrency of Actions, Ideas and Knowledge Displays within a Design Team (D. Radcliffe). -- Can Concurrent Verbalisation Reveal Design Cognition? -- (P. Lloyd, et al.). -- References},
	Date-Added = {2018-03-22 11:51:09 +0000},
	Date-Modified = {2018-03-22 11:51:17 +0000},
	Isbn = {0471960608},
	Language = {English},
	Note = {Conference proceedings},
	Publisher = {Chichester New York Wiley},
	Subjects = {Industrial design; Design, Industrial -- Methodology; Dise{\~n}o industrial -- Metodolog{\'\i}a; Aptitud creadora en tecnolog{\'\i}a; Design -- M{\'e}thologie; Cr{\'e}ativit{\'e} en technologie; Creative ability in technology; Industrial design -- Methodology; Ontwerpen; Protocolanalyse; Engineering Design; Engineering Design},
	Title = {Analysing design activity},
	Type = {Book; Book/Illustrated},
	Year = {1996}}

@article{Goldschmidt:1994:VDTKA,
	Author = {Gabriela Goldschmidt},
	Date-Added = {2018-03-22 11:48:48 +0000},
	Date-Modified = {2018-03-22 11:48:53 +0000},
	Doi = {https://doi.org/10.1016/0142-694X(94)90022-1},
	Issn = {0142-694X},
	Journal = {Design Studies},
	Keywords = {visual thinking, designing, imagery, sketching, architecture},
	Number = {2},
	Pages = {158 - 174},
	Title = {On visual design thinking: the vis kids of architecture},
	Url = {http://www.sciencedirect.com/science/article/pii/0142694X94900221},
	Volume = {15},
	Year = {1994},
	Bdsk-Url-1 = {http://www.sciencedirect.com/science/article/pii/0142694X94900221},
	Bdsk-Url-2 = {https://doi.org/10.1016/0142-694X(94)90022-1}}

@article{Dorst:2001:CDPCP,
	Author = {Kees Dorst and Nigel Cross},
	Date-Added = {2018-03-22 10:23:00 +0000},
	Date-Modified = {2018-03-22 10:23:05 +0000},
	Doi = {https://doi.org/10.1016/S0142-694X(01)00009-6},
	Issn = {0142-694X},
	Journal = {Design Studies},
	Keywords = {creative design, design process, product design, co-evolution},
	Number = {5},
	Pages = {425 - 437},
	Title = {Creativity in the design process: co-evolution of problem--solution},
	Url = {http://www.sciencedirect.com/science/article/pii/S0142694X01000096},
	Volume = {22},
	Year = {2001},
	Bdsk-Url-1 = {http://www.sciencedirect.com/science/article/pii/S0142694X01000096},
	Bdsk-Url-2 = {https://doi.org/10.1016/S0142-694X(01)00009-6}}

@article{Priest:1997:EPVSFSCS,
	Author = {Simon Priest and Michael Gass},
	Date-Added = {2018-03-22 08:50:50 +0000},
	Date-Modified = {2018-03-22 08:50:58 +0000},
	Doi = {10.1177/105382599702000106},
	Eprint = {https://doi.org/10.1177/105382599702000106},
	Journal = {Journal of Experiential Education},
	Number = {1},
	Pages = {34-39},
	Title = {An Examination of ``Problem-Solving'' versus ``Solution-Focused'' Facilitation Styles in a Corporate Setting},
	Url = {https://doi.org/10.1177/105382599702000106},
	Volume = {20},
	Year = {1997},
	Bdsk-Url-1 = {https://doi.org/10.1177/105382599702000106}}

@article{GEORGIEV:2012:DTO,
	Author = {GEORGIEV, Georgi V.},
	Date-Added = {2018-03-21 18:31:52 +0000},
	Date-Modified = {2018-03-21 18:32:25 +0000},
	Doi = {10.11247/jssds.20.1_70},
	Issn = {09196803},
	Journal = {Special issue of Japanese Society for the Science of Design},
	Number = {1},
	Pages = {70-77},
	Publisher = {Japanese Society for the Science of Design},
	Title = {Design Thinking : An Overview},
	Url = {https://ci.nii.ac.jp/naid/110009597595/en/},
	Volume = {20},
	Year = {2012},
	Bdsk-Url-1 = {https://ci.nii.ac.jp/naid/110009597595/en/},
	Bdsk-Url-2 = {https://dx.doi.org/10.11247/jssds.20.1_70},
	Bdsk-File-1 = {YnBsaXN0MDDUAQIDBAUGJCVYJHZlcnNpb25YJG9iamVjdHNZJGFyY2hpdmVyVCR0b3ASAAGGoKgHCBMUFRYaIVUkbnVsbNMJCgsMDxJXTlMua2V5c1pOUy5vYmplY3RzViRjbGFzc6INDoACgAOiEBGABIAFgAdccmVsYXRpdmVQYXRoWWFsaWFzRGF0YV8QHERlc2lnblRoaW5raW5nQW5PdmVydmlldy5wZGbSFwsYGVdOUy5kYXRhTxEBvgAAAAABvgACAAAMTWFjaW50b3NoIEhEAAAAAAAAAAAAAAAAAAAAAAAAAEJEAAH/////HERlc2lnblRoaW5raW5nQW5PdmVydmlldy5wZGYAAAAAAAAAAAAAAAAAAAAAAAAAAAAAAAAAAAAAAAAAAAAAAP////8AAAAAAAAAAAAAAAAAAQACAAAKIGN1AAAAAAAAAAAAAAAAAApSZWZlcmVuY2VzAAIAUy86VXNlcnM6bWljaGFlbG1pY2hhbHNraTpQaEQ6RGVhckRhdGE6UGFwZXI6UmVmZXJlbmNlczpEZXNpZ25UaGlua2luZ0FuT3ZlcnZpZXcucGRmAAAOADoAHABEAGUAcwBpAGcAbgBUAGgAaQBuAGsAaQBuAGcAQQBuAE8AdgBlAHIAdgBpAGUAdwAuAHAAZABmAA8AGgAMAE0AYQBjAGkAbgB0AG8AcwBoACAASABEABIAUVVzZXJzL21pY2hhZWxtaWNoYWxza2kvUGhEL0RlYXJEYXRhL1BhcGVyL1JlZmVyZW5jZXMvRGVzaWduVGhpbmtpbmdBbk92ZXJ2aWV3LnBkZgAAEwABLwAAFQACABf//wAAgAbSGxwdHlokY2xhc3NuYW1lWCRjbGFzc2VzXU5TTXV0YWJsZURhdGGjHR8gVk5TRGF0YVhOU09iamVjdNIbHCIjXE5TRGljdGlvbmFyeaIiIF8QD05TS2V5ZWRBcmNoaXZlctEmJ1Ryb290gAEACAARABoAIwAtADIANwBAAEYATQBVAGAAZwBqAGwAbgBxAHMAdQB3AIQAjgCtALIAugJ8An4CgwKOApcCpQKpArACuQK+AssCzgLgAuMC6AAAAAAAAAIBAAAAAAAAACgAAAAAAAAAAAAAAAAAAALq}}

@inbook{Lindberg2011,
	Abstract = {In our research project Collaborative Creativity of Development Processes in the IT Industry, we pursue the question how design thinking can help to enhance the innovativeness in IT development and which individual and organizational factors facilitate or encourage this. In this chapter, we outline what the contribution of design thinking to engineering thinking can be, how it is related to akin IT development approaches (e.g. agile development), and what our initial insights on the didactic and organizational implications are.},
	Address = {Berlin, Heidelberg},
	Author = {Lindberg, Tilmann and Meinel, Christoph and Wagner, Ralf},
	Booktitle = {Design Thinking: Understand -- Improve -- Apply},
	Date-Added = {2018-03-06 15:32:45 +0000},
	Date-Modified = {2018-03-21 11:44:05 +0000},
	Doi = {10.1007/978-3-642-13757-0_1},
	Editor = {Meinel, Christoph and Leifer, Larry and Plattner, Hasso},
	Isbn = {978-3-642-13757-0},
	Pages = {3--18},
	Publisher = {Springer Berlin Heidelberg},
	Rating = {5},
	Title = {Design Thinking: A Fruitful Concept for IT Development?},
	Url = {https://doi.org/10.1007/978-3-642-13757-0_1},
	Year = {2011},
	Bdsk-File-1 = {YnBsaXN0MDDUAQIDBAUGJCVYJHZlcnNpb25YJG9iamVjdHNZJGFyY2hpdmVyVCR0b3ASAAGGoKgHCBMUFRYaIVUkbnVsbNMJCgsMDxJXTlMua2V5c1pOUy5vYmplY3RzViRjbGFzc6INDoACgAOiEBGABIAFgAdccmVsYXRpdmVQYXRoWWFsaWFzRGF0YV8QO0Rlc2lnbl9UaGlua2luZ18tX0FfRnJ1aXRmdWxfQ29uY2VwdF9mb3JfSVRfRGV2ZWxvcG1lbnQucGRm0hcLGBlXTlMuZGF0YU8RAjgAAAAAAjgAAgAADE1hY2ludG9zaCBIRAAAAAAAAAAAAAAAAAAAAAAAAABCRAAB/////x9EZXNpZ25fVGhpbmtpbmdfLV8jRkZGRkZGRkYucGRmAAAAAAAAAAAAAAAAAAAAAAAAAAAAAAAAAAAAAAAAAAD/////AAAAAAAAAAAAAAAAAAEAAgAACiBjdQAAAAAAAAAAAAAAAAAKUmVmZXJlbmNlcwACAHIvOlVzZXJzOm1pY2hhZWxtaWNoYWxza2k6UGhEOkRlYXJEYXRhOlBhcGVyOlJlZmVyZW5jZXM6RGVzaWduX1RoaW5raW5nXy1fQV9GcnVpdGZ1bF9Db25jZXB0X2Zvcl9JVF9EZXZlbG9wbWVudC5wZGYADgB4ADsARABlAHMAaQBnAG4AXwBUAGgAaQBuAGsAaQBuAGcAXwAtAF8AQQBfAEYAcgB1AGkAdABmAHUAbABfAEMAbwBuAGMAZQBwAHQAXwBmAG8AcgBfAEkAVABfAEQAZQB2AGUAbABvAHAAbQBlAG4AdAAuAHAAZABmAA8AGgAMAE0AYQBjAGkAbgB0AG8AcwBoACAASABEABIAcFVzZXJzL21pY2hhZWxtaWNoYWxza2kvUGhEL0RlYXJEYXRhL1BhcGVyL1JlZmVyZW5jZXMvRGVzaWduX1RoaW5raW5nXy1fQV9GcnVpdGZ1bF9Db25jZXB0X2Zvcl9JVF9EZXZlbG9wbWVudC5wZGYAEwABLwAAFQACABf//wAAgAbSGxwdHlokY2xhc3NuYW1lWCRjbGFzc2VzXU5TTXV0YWJsZURhdGGjHR8gVk5TRGF0YVhOU09iamVjdNIbHCIjXE5TRGljdGlvbmFyeaIiIF8QD05TS2V5ZWRBcmNoaXZlctEmJ1Ryb290gAEACAARABoAIwAtADIANwBAAEYATQBVAGAAZwBqAGwAbgBxAHMAdQB3AIQAjgDMANEA2QMVAxcDHAMnAzADPgNCA0kDUgNXA2QDZwN5A3wDgQAAAAAAAAIBAAAAAAAAACgAAAAAAAAAAAAAAAAAAAOD},
	Bdsk-Url-1 = {https://doi.org/10.1007/978-3-642-13757-0_1}}

@article{Pusca:2018:DTAPS,
	Author = {Pusca, Daniela and Northwood, Derek O.},
	Date-Added = {2018-03-06 14:29:35 +0000},
	Date-Modified = {2018-03-21 11:44:18 +0000},
	Journal = {Global Journal of Engineering Education},
	Number = {1},
	Rating = {5},
	Read = {1},
	Title = {Design thinking and its application to problem solving},
	Volume = {20},
	Year = {2018},
	Bdsk-File-1 = {YnBsaXN0MDDUAQIDBAUGJCVYJHZlcnNpb25YJG9iamVjdHNZJGFyY2hpdmVyVCR0b3ASAAGGoKgHCBMUFRYaIVUkbnVsbNMJCgsMDxJXTlMua2V5c1pOUy5vYmplY3RzViRjbGFzc6INDoACgAOiEBGABIAFgAdccmVsYXRpdmVQYXRoWWFsaWFzRGF0YV8QPURlc2lnbnRoaW5raW5nYW5kaXRzYXBwbGljYXRpb250b3Byb2JsZW1zb2x2aW5nMDYtUHVzY2EtRC5wZGbSFwsYGVdOUy5kYXRhTxECQAAAAAACQAACAAAMTWFjaW50b3NoIEhEAAAAAAAAAAAAAAAAAAAAAAAAAEJEAAH/////H0Rlc2lnbnRoaW5raW5nYW5kaSNGRkZGRkZGRi5wZGYAAAAAAAAAAAAAAAAAAAAAAAAAAAAAAAAAAAAAAAAAAP////8AAAAAAAAAAAAAAAAAAQACAAAKIGN1AAAAAAAAAAAAAAAAAApSZWZlcmVuY2VzAAIAdC86VXNlcnM6bWljaGFlbG1pY2hhbHNraTpQaEQ6RGVhckRhdGE6UGFwZXI6UmVmZXJlbmNlczpEZXNpZ250aGlua2luZ2FuZGl0c2FwcGxpY2F0aW9udG9wcm9ibGVtc29sdmluZzA2LVB1c2NhLUQucGRmAA4AfAA9AEQAZQBzAGkAZwBuAHQAaABpAG4AawBpAG4AZwBhAG4AZABpAHQAcwBhAHAAcABsAGkAYwBhAHQAaQBvAG4AdABvAHAAcgBvAGIAbABlAG0AcwBvAGwAdgBpAG4AZwAwADYALQBQAHUAcwBjAGEALQBEAC4AcABkAGYADwAaAAwATQBhAGMAaQBuAHQAbwBzAGgAIABIAEQAEgByVXNlcnMvbWljaGFlbG1pY2hhbHNraS9QaEQvRGVhckRhdGEvUGFwZXIvUmVmZXJlbmNlcy9EZXNpZ250aGlua2luZ2FuZGl0c2FwcGxpY2F0aW9udG9wcm9ibGVtc29sdmluZzA2LVB1c2NhLUQucGRmABMAAS8AABUAAgAX//8AAIAG0hscHR5aJGNsYXNzbmFtZVgkY2xhc3Nlc11OU011dGFibGVEYXRhox0fIFZOU0RhdGFYTlNPYmplY3TSGxwiI1xOU0RpY3Rpb25hcnmiIiBfEA9OU0tleWVkQXJjaGl2ZXLRJidUcm9vdIABAAgAEQAaACMALQAyADcAQABGAE0AVQBgAGcAagBsAG4AcQBzAHUAdwCEAI4AzgDTANsDHwMhAyYDMQM6A0gDTANTA1wDYQNuA3EDgwOGA4sAAAAAAAACAQAAAAAAAAAoAAAAAAAAAAAAAAAAAAADjQ==}}

@article{DMJ:DMJ12001,
	Author = {Chang, YoungJoong and Kim, Jaibeom and Joo, Jaewoo},
	Date-Added = {2018-03-06 14:25:16 +0000},
	Date-Modified = {2018-03-06 14:25:16 +0000},
	Doi = {10.1111/dmj.12001},
	Issn = {1948-7177},
	Journal = {Design Management Journal},
	Number = {1},
	Pages = {22--34},
	Title = {An Exploratory Study on the Evolution of Design Thinking: Comparison of Apple and Samsung},
	Url = {http://dx.doi.org/10.1111/dmj.12001},
	Volume = {8},
	Year = {2013},
	Bdsk-File-1 = {YnBsaXN0MDDUAQIDBAUGJCVYJHZlcnNpb25YJG9iamVjdHNZJGFyY2hpdmVyVCR0b3ASAAGGoKgHCBMUFRYaIVUkbnVsbNMJCgsMDxJXTlMua2V5c1pOUy5vYmplY3RzViRjbGFzc6INDoACgAOiEBGABIAFgAdccmVsYXRpdmVQYXRoWWFsaWFzRGF0YV8QLkNoYW5nX2V0X2FsLTIwMTMtRGVzaWduX01hbmFnZW1lbnRfSm91cm5hbC5wZGbSFwsYGVdOUy5kYXRhTxECBgAAAAACBgACAAAMTWFjaW50b3NoIEhEAAAAAAAAAAAAAAAAAAAAAAAAAEJEAAH/////H0NoYW5nX2V0X2FsLTIwMTMtRCNGRkZGRkZGRi5wZGYAAAAAAAAAAAAAAAAAAAAAAAAAAAAAAAAAAAAAAAAAAP////8AAAAAAAAAAAAAAAAAAQACAAAKIGN1AAAAAAAAAAAAAAAAAApSZWZlcmVuY2VzAAIAZS86VXNlcnM6bWljaGFlbG1pY2hhbHNraTpQaEQ6RGVhckRhdGE6UGFwZXI6UmVmZXJlbmNlczpDaGFuZ19ldF9hbC0yMDEzLURlc2lnbl9NYW5hZ2VtZW50X0pvdXJuYWwucGRmAAAOAF4ALgBDAGgAYQBuAGcAXwBlAHQAXwBhAGwALQAyADAAMQAzAC0ARABlAHMAaQBnAG4AXwBNAGEAbgBhAGcAZQBtAGUAbgB0AF8ASgBvAHUAcgBuAGEAbAAuAHAAZABmAA8AGgAMAE0AYQBjAGkAbgB0AG8AcwBoACAASABEABIAY1VzZXJzL21pY2hhZWxtaWNoYWxza2kvUGhEL0RlYXJEYXRhL1BhcGVyL1JlZmVyZW5jZXMvQ2hhbmdfZXRfYWwtMjAxMy1EZXNpZ25fTWFuYWdlbWVudF9Kb3VybmFsLnBkZgAAEwABLwAAFQACABf//wAAgAbSGxwdHlokY2xhc3NuYW1lWCRjbGFzc2VzXU5TTXV0YWJsZURhdGGjHR8gVk5TRGF0YVhOU09iamVjdNIbHCIjXE5TRGljdGlvbmFyeaIiIF8QD05TS2V5ZWRBcmNoaXZlctEmJ1Ryb290gAEACAARABoAIwAtADIANwBAAEYATQBVAGAAZwBqAGwAbgBxAHMAdQB3AIQAjgC/AMQAzALWAtgC3QLoAvEC/wMDAwoDEwMYAyUDKAM6Az0DQgAAAAAAAAIBAAAAAAAAACgAAAAAAAAAAAAAAAAAAANE},
	Bdsk-Url-1 = {http://dx.doi.org/10.1111/dmj.12001}}

@inproceedings{McKilligan:2017:DTCCTLPE,
	Author = {S. McKilligan and N. Fila and D. Rover and M. Mina},
	Booktitle = {2017 IEEE Frontiers in Education Conference (FIE)},
	Date-Added = {2018-03-06 13:46:09 +0000},
	Date-Modified = {2018-03-06 13:46:35 +0000},
	Doi = {10.1109/FIE.2017.8190479},
	Keywords = {computer science education;educational courses;electrical engineering education;teaching;computer engineering department;design thinking;electrical engineering department;engineering course design;learning practices;social knowledge;teaching practices;technical knowledge;Conferences;Engineering education;Organizations;Prototypes;Stakeholders;Systematics;X-teams;design thinking;heutagogy},
	Month = {Oct},
	Pages = {1-5},
	Title = {Design thinking as a catalyst for changing teaching and learning practices in engineering},
	Year = {2017},
	Bdsk-File-1 = {YnBsaXN0MDDUAQIDBAUGJCVYJHZlcnNpb25YJG9iamVjdHNZJGFyY2hpdmVyVCR0b3ASAAGGoKgHCBMUFRYaIVUkbnVsbNMJCgsMDxJXTlMua2V5c1pOUy5vYmplY3RzViRjbGFzc6INDoACgAOiEBGABIAFgAdccmVsYXRpdmVQYXRoWWFsaWFzRGF0YVwwODE5MDQ3OS5wZGbSFwsYGVdOUy5kYXRhTxEBfgAAAAABfgACAAAMTWFjaW50b3NoIEhEAAAAAAAAAAAAAAAAAAAAAAAAAEJEAAH/////DDA4MTkwNDc5LnBkZgAAAAAAAAAAAAAAAAAAAAAAAAAAAAAAAAAAAAAAAAAAAAAAAAAAAAAAAAAAAAAAAAAAAP////8AAAAAAAAAAAAAAAAAAQACAAAKIGN1AAAAAAAAAAAAAAAAAApSZWZlcmVuY2VzAAIAQy86VXNlcnM6bWljaGFlbG1pY2hhbHNraTpQaEQ6RGVhckRhdGE6UGFwZXI6UmVmZXJlbmNlczowODE5MDQ3OS5wZGYAAA4AGgAMADAAOAAxADkAMAA0ADcAOQAuAHAAZABmAA8AGgAMAE0AYQBjAGkAbgB0AG8AcwBoACAASABEABIAQVVzZXJzL21pY2hhZWxtaWNoYWxza2kvUGhEL0RlYXJEYXRhL1BhcGVyL1JlZmVyZW5jZXMvMDgxOTA0NzkucGRmAAATAAEvAAAVAAIAF///AACABtIbHB0eWiRjbGFzc25hbWVYJGNsYXNzZXNdTlNNdXRhYmxlRGF0YaMdHyBWTlNEYXRhWE5TT2JqZWN00hscIiNcTlNEaWN0aW9uYXJ5oiIgXxAPTlNLZXllZEFyY2hpdmVy0SYnVHJvb3SAAQAIABEAGgAjAC0AMgA3AEAARgBNAFUAYABnAGoAbABuAHEAcwB1AHcAhACOAJsAoACoAioCLAIxAjwCRQJTAlcCXgJnAmwCeQJ8Ao4CkQKWAAAAAAAAAgEAAAAAAAAAKAAAAAAAAAAAAAAAAAAAApg=},
	Bdsk-Url-1 = {https://dx.doi.org/10.1109/FIE.2017.8190479}}

@article{Kimbell:2012:RDTP,
	Author = {Lucy Kimbell},
	Date-Added = {2018-03-06 13:28:01 +0000},
	Date-Modified = {2018-03-06 13:46:35 +0000},
	Doi = {10.2752/175470812X13281948975413},
	Eprint = {https://doi.org/10.2752/175470812X13281948975413},
	Journal = {Design and Culture},
	Number = {2},
	Pages = {129-148},
	Publisher = {Routledge},
	Title = {Rethinking Design Thinking: Part II},
	Url = {https://doi.org/10.2752/175470812X13281948975413},
	Volume = {4},
	Year = {2012},
	Bdsk-File-1 = {YnBsaXN0MDDUAQIDBAUGJCVYJHZlcnNpb25YJG9iamVjdHNZJGFyY2hpdmVyVCR0b3ASAAGGoKgHCBMUFRYaIVUkbnVsbNMJCgsMDxJXTlMua2V5c1pOUy5vYmplY3RzViRjbGFzc6INDoACgAOiEBGABIAFgAdccmVsYXRpdmVQYXRoWWFsaWFzRGF0YV8QL0tpbWJlbGxfUmV0aGlua2luZ0Rlc2lnblRoaW5raW5nX3BhcnQyXzIwMTIucGRm0hcLGBlXTlMuZGF0YU8RAggAAAAAAggAAgAADE1hY2ludG9zaCBIRAAAAAAAAAAAAAAAAAAAAAAAAABCRAAB/////x9LaW1iZWxsX1JldGhpbmtpbmcjRkZGRkZGRkYucGRmAAAAAAAAAAAAAAAAAAAAAAAAAAAAAAAAAAAAAAAAAAD/////AAAAAAAAAAAAAAAAAAEAAgAACiBjdQAAAAAAAAAAAAAAAAAKUmVmZXJlbmNlcwACAGYvOlVzZXJzOm1pY2hhZWxtaWNoYWxza2k6UGhEOkRlYXJEYXRhOlBhcGVyOlJlZmVyZW5jZXM6S2ltYmVsbF9SZXRoaW5raW5nRGVzaWduVGhpbmtpbmdfcGFydDJfMjAxMi5wZGYADgBgAC8ASwBpAG0AYgBlAGwAbABfAFIAZQB0AGgAaQBuAGsAaQBuAGcARABlAHMAaQBnAG4AVABoAGkAbgBrAGkAbgBnAF8AcABhAHIAdAAyAF8AMgAwADEAMgAuAHAAZABmAA8AGgAMAE0AYQBjAGkAbgB0AG8AcwBoACAASABEABIAZFVzZXJzL21pY2hhZWxtaWNoYWxza2kvUGhEL0RlYXJEYXRhL1BhcGVyL1JlZmVyZW5jZXMvS2ltYmVsbF9SZXRoaW5raW5nRGVzaWduVGhpbmtpbmdfcGFydDJfMjAxMi5wZGYAEwABLwAAFQACABf//wAAgAbSGxwdHlokY2xhc3NuYW1lWCRjbGFzc2VzXU5TTXV0YWJsZURhdGGjHR8gVk5TRGF0YVhOU09iamVjdNIbHCIjXE5TRGljdGlvbmFyeaIiIF8QD05TS2V5ZWRBcmNoaXZlctEmJ1Ryb290gAEACAARABoAIwAtADIANwBAAEYATQBVAGAAZwBqAGwAbgBxAHMAdQB3AIQAjgDAAMUAzQLZAtsC4ALrAvQDAgMGAw0DFgMbAygDKwM9A0ADRQAAAAAAAAIBAAAAAAAAACgAAAAAAAAAAAAAAAAAAANH},
	Bdsk-Url-1 = {https://doi.org/10.2752/175470812X13281948975413}}

@article{Kimbell:2011:RDTP,
	Abstract = {Kimbell et al. surveys},
	Author = {Lucy Kimbell},
	Date-Added = {2018-03-06 13:26:32 +0000},
	Date-Modified = {2018-03-09 09:22:16 +0000},
	Doi = {10.2752/175470811X13071166525216},
	Eprint = {https://doi.org/10.2752/175470811X13071166525216},
	Journal = {Design and Culture},
	Number = {3},
	Pages = {285-306},
	Publisher = {Routledge},
	Title = {Rethinking Design Thinking: Part I},
	Url = {https://doi.org/10.2752/175470811X13071166525216},
	Volume = {3},
	Year = {2011},
	Bdsk-File-1 = {YnBsaXN0MDDUAQIDBAUGJCVYJHZlcnNpb25YJG9iamVjdHNZJGFyY2hpdmVyVCR0b3ASAAGGoKgHCBMUFRYaIVUkbnVsbNMJCgsMDxJXTlMua2V5c1pOUy5vYmplY3RzViRjbGFzc6INDoACgAOiEBGABIAFgAdccmVsYXRpdmVQYXRoWWFsaWFzRGF0YV8QL0tpbWJlbGxfMjAxMV9SZXRoaW5raW5nRGVzaWduVGhpbmtpbmdfcGFydDEucGRm0hcLGBlXTlMuZGF0YU8RAggAAAAAAggAAgAADE1hY2ludG9zaCBIRAAAAAAAAAAAAAAAAAAAAAAAAABCRAAB/////x9LaW1iZWxsXzIwMTFfUmV0aGkjRkZGRkZGRkYucGRmAAAAAAAAAAAAAAAAAAAAAAAAAAAAAAAAAAAAAAAAAAD/////AAAAAAAAAAAAAAAAAAEAAgAACiBjdQAAAAAAAAAAAAAAAAAKUmVmZXJlbmNlcwACAGYvOlVzZXJzOm1pY2hhZWxtaWNoYWxza2k6UGhEOkRlYXJEYXRhOlBhcGVyOlJlZmVyZW5jZXM6S2ltYmVsbF8yMDExX1JldGhpbmtpbmdEZXNpZ25UaGlua2luZ19wYXJ0MS5wZGYADgBgAC8ASwBpAG0AYgBlAGwAbABfADIAMAAxADEAXwBSAGUAdABoAGkAbgBrAGkAbgBnAEQAZQBzAGkAZwBuAFQAaABpAG4AawBpAG4AZwBfAHAAYQByAHQAMQAuAHAAZABmAA8AGgAMAE0AYQBjAGkAbgB0AG8AcwBoACAASABEABIAZFVzZXJzL21pY2hhZWxtaWNoYWxza2kvUGhEL0RlYXJEYXRhL1BhcGVyL1JlZmVyZW5jZXMvS2ltYmVsbF8yMDExX1JldGhpbmtpbmdEZXNpZ25UaGlua2luZ19wYXJ0MS5wZGYAEwABLwAAFQACABf//wAAgAbSGxwdHlokY2xhc3NuYW1lWCRjbGFzc2VzXU5TTXV0YWJsZURhdGGjHR8gVk5TRGF0YVhOU09iamVjdNIbHCIjXE5TRGljdGlvbmFyeaIiIF8QD05TS2V5ZWRBcmNoaXZlctEmJ1Ryb290gAEACAARABoAIwAtADIANwBAAEYATQBVAGAAZwBqAGwAbgBxAHMAdQB3AIQAjgDAAMUAzQLZAtsC4ALrAvQDAgMGAw0DFgMbAygDKwM9A0ADRQAAAAAAAAIBAAAAAAAAACgAAAAAAAAAAAAAAAAAAANH},
	Bdsk-Url-1 = {https://doi.org/10.2752/175470811X13071166525216}}

@article{Kuo:2013:DGDAPASVPDT,
	Author = {Kuo, Ming-Shiou and Tsung-Yen Chuang},
	Date-Added = {2018-03-06 13:22:17 +0000},
	Date-Modified = {2018-03-06 13:46:35 +0000},
	Doi = {10.4018/ijdet.2013100101},
	Journal = {International Journal of Distance Education Technologies (IJDET)},
	Number = {4},
	Pages = {16},
	Title = {Developing a 3D Game Design Authoring Package to Assist Students' Visualization Process in Design Thinking},
	Volume = {11},
	Year = {2013},
	Bdsk-File-1 = {YnBsaXN0MDDUAQIDBAUGJCVYJHZlcnNpb25YJG9iamVjdHNZJGFyY2hpdmVyVCR0b3ASAAGGoKgHCBMUFRYaIVUkbnVsbNMJCgsMDxJXTlMua2V5c1pOUy5vYmplY3RzViRjbGFzc6INDoACgAOiEBGABIAFgAdccmVsYXRpdmVQYXRoWWFsaWFzRGF0YW8QbgBEAGUAdgBlAGwAbwBwAGkAbgBnAC0AYQAtADMARAAtAEcAYQBtAGUALQBEAGUAcwBpAGcAbgAtAEEAdQB0AGgAbwByAGkAbgBnAC0AUABhAGMAawBhAGcAZQAtAHQAbwAtAEEAcwBzAGkAcwB0AC0AUwB0AHUAZABlAG4AdABzIBkALQBWAGkAcwB1AGEAbABpAHoAYQB0AGkAbwBuAC0AUAByAG8AYwBlAHMAcwAtAGkAbgAtAEQAZQBzAGkAZwBuAC0AVABoAGkAbgBrAGkAbgBnAC4AcABkAGbSFwsYGVdOUy5kYXRhTxEDCgAAAAADCgACAAAMTWFjaW50b3NoIEhEAAAAAAAAAAAAAAAAAAAAAAAAAEJEAAH/////H0RldmVsb3BpbmctYS0zRC1HYSNGRkZGRkZGRi5wZGYAAAAAAAAAAAAAAAAAAAAAAAAAAAAAAAAAAAAAAAAAAP////8AAAAAAAAAAAAAAAAAAQACAAAKIGN1AAAAAAAAAAAAAAAAAApSZWZlcmVuY2VzAAIApy86VXNlcnM6bWljaGFlbG1pY2hhbHNraTpQaEQ6RGVhckRhdGE6UGFwZXI6UmVmZXJlbmNlczpEZXZlbG9waW5nLWEtM0QtR2FtZS1EZXNpZ24tQXV0aG9yaW5nLVBhY2thZ2UtdG8tQXNzaXN0LVN0dWRlbnRz4oCZLVZpc3VhbGl6YXRpb24tUHJvY2Vzcy1pbi1EZXNpZ24tVGhpbmtpbmcucGRmAAAOAN4AbgBEAGUAdgBlAGwAbwBwAGkAbgBnAC0AYQAtADMARAAtAEcAYQBtAGUALQBEAGUAcwBpAGcAbgAtAEEAdQB0AGgAbwByAGkAbgBnAC0AUABhAGMAawBhAGcAZQAtAHQAbwAtAEEAcwBzAGkAcwB0AC0AUwB0AHUAZABlAG4AdABzIBkALQBWAGkAcwB1AGEAbABpAHoAYQB0AGkAbwBuAC0AUAByAG8AYwBlAHMAcwAtAGkAbgAtAEQAZQBzAGkAZwBuAC0AVABoAGkAbgBrAGkAbgBnAC4AcABkAGYADwAaAAwATQBhAGMAaQBuAHQAbwBzAGgAIABIAEQAEgClVXNlcnMvbWljaGFlbG1pY2hhbHNraS9QaEQvRGVhckRhdGEvUGFwZXIvUmVmZXJlbmNlcy9EZXZlbG9waW5nLWEtM0QtR2FtZS1EZXNpZ24tQXV0aG9yaW5nLVBhY2thZ2UtdG8tQXNzaXN0LVN0dWRlbnRz4oCZLVZpc3VhbGl6YXRpb24tUHJvY2Vzcy1pbi1EZXNpZ24tVGhpbmtpbmcucGRmAAATAAEvAAAVAAIAF///AACABtIbHB0eWiRjbGFzc25hbWVYJGNsYXNzZXNdTlNNdXRhYmxlRGF0YaMdHyBWTlNEYXRhWE5TT2JqZWN00hscIiNcTlNEaWN0aW9uYXJ5oiIgXxAPTlNLZXllZEFyY2hpdmVy0SYnVHJvb3SAAQAIABEAGgAjAC0AMgA3AEAARgBNAFUAYABnAGoAbABuAHEAcwB1AHcAhACOAW0BcgF6BIgEigSPBJoEowSxBLUEvATFBMoE1wTaBOwE7wT0AAAAAAAAAgEAAAAAAAAAKAAAAAAAAAAAAAAAAAAABPY=},
	Bdsk-Url-1 = {https://dx.doi.org/10.4018/ijdet.2013100101}}

@article{Higuchi:2017:ADCMBDTAMDGP,
	Author = {Marcelo Makoto Higuchi and Davi Noboru Nakano},
	Date-Added = {2018-03-06 12:38:13 +0000},
	Date-Modified = {2018-03-06 13:46:35 +0000},
	Doi = {10.5585/gep.v8i2.528},
	Journal = {Revista de Gest{\~a}o e Projetos - GeP},
	Month = {08},
	Number = {2},
	Pages = {109-126},
	Title = {Agile Design: A Combined Model Based on Design Thinking and Agile Methodologies for Digital Games Projects},
	Volume = {08},
	Year = {2017},
	Bdsk-File-1 = {YnBsaXN0MDDUAQIDBAUGJCVYJHZlcnNpb25YJG9iamVjdHNZJGFyY2hpdmVyVCR0b3ASAAGGoKgHCBMUFRYaIVUkbnVsbNMJCgsMDxJXTlMua2V5c1pOUy5vYmplY3RzViRjbGFzc6INDoACgAOiEBGABIAFgAdccmVsYXRpdmVQYXRoWWFsaWFzRGF0YVxkb2N1bWVudC5wZGbSFwsYGVdOUy5kYXRhTxEBfgAAAAABfgACAAAMTWFjaW50b3NoIEhEAAAAAAAAAAAAAAAAAAAAAAAAAEJEAAH/////DGRvY3VtZW50LnBkZgAAAAAAAAAAAAAAAAAAAAAAAAAAAAAAAAAAAAAAAAAAAAAAAAAAAAAAAAAAAAAAAAAAAP////8AAAAAAAAAAAAAAAAAAQACAAAKIGN1AAAAAAAAAAAAAAAAAApSZWZlcmVuY2VzAAIAQy86VXNlcnM6bWljaGFlbG1pY2hhbHNraTpQaEQ6RGVhckRhdGE6UGFwZXI6UmVmZXJlbmNlczpkb2N1bWVudC5wZGYAAA4AGgAMAGQAbwBjAHUAbQBlAG4AdAAuAHAAZABmAA8AGgAMAE0AYQBjAGkAbgB0AG8AcwBoACAASABEABIAQVVzZXJzL21pY2hhZWxtaWNoYWxza2kvUGhEL0RlYXJEYXRhL1BhcGVyL1JlZmVyZW5jZXMvZG9jdW1lbnQucGRmAAATAAEvAAAVAAIAF///AACABtIbHB0eWiRjbGFzc25hbWVYJGNsYXNzZXNdTlNNdXRhYmxlRGF0YaMdHyBWTlNEYXRhWE5TT2JqZWN00hscIiNcTlNEaWN0aW9uYXJ5oiIgXxAPTlNLZXllZEFyY2hpdmVy0SYnVHJvb3SAAQAIABEAGgAjAC0AMgA3AEAARgBNAFUAYABnAGoAbABuAHEAcwB1AHcAhACOAJsAoACoAioCLAIxAjwCRQJTAlcCXgJnAmwCeQJ8Ao4CkQKWAAAAAAAAAgEAAAAAAAAAKAAAAAAAAAAAAAAAAAAAApg=},
	Bdsk-Url-1 = {https://dx.doi.org/10.5585/gep.v8i2.528}}

@inproceedings{Palacin-Silva:2017:IDTISECC,
	Author = {M. Palacin-Silva and J. Khakurel and A. Happonen and T. Hynninen and J. Porras},
	Booktitle = {2017 IEEE 30th Conference on Software Engineering Education and Training (CSEE T)},
	Date-Added = {2018-03-06 11:09:04 +0000},
	Date-Modified = {2018-03-21 11:20:26 +0000},
	Doi = {10.1109/CSEET.2017.41},
	Keywords = {computer science education;educational courses;project management;software prototyping;16-week course;SE education;SE students;agile practices;design thinking methods;hands-on experience;human-centric SE capstone;motivation;practical knowledge;project life-cycle knowhow;software design;software engineering capstone course;software engineering educators;zero dropout rate;Design methodology;Education;Industries;Software;Software engineering;Testing;Tools;capstone;course design;design thinking;education;human-centric;software curricula;software engineering},
	Month = {Nov},
	Pages = {212-221},
	Rating = {5},
	Read = {1},
	Title = {Infusing Design Thinking into a Software Engineering Capstone Course},
	Year = {2017},
	Bdsk-File-1 = {YnBsaXN0MDDUAQIDBAUGJCVYJHZlcnNpb25YJG9iamVjdHNZJGFyY2hpdmVyVCR0b3ASAAGGoKgHCBMUFRYaIVUkbnVsbNMJCgsMDxJXTlMua2V5c1pOUy5vYmplY3RzViRjbGFzc6INDoACgAOiEBGABIAFgAdccmVsYXRpdmVQYXRoWWFsaWFzRGF0YVwwODE2NjcwNS5wZGbSFwsYGVdOUy5kYXRhTxEBfgAAAAABfgACAAAMTWFjaW50b3NoIEhEAAAAAAAAAAAAAAAAAAAAAAAAAEJEAAH/////DDA4MTY2NzA1LnBkZgAAAAAAAAAAAAAAAAAAAAAAAAAAAAAAAAAAAAAAAAAAAAAAAAAAAAAAAAAAAAAAAAAAAP////8AAAAAAAAAAAAAAAAAAQACAAAKIGN1AAAAAAAAAAAAAAAAAApSZWZlcmVuY2VzAAIAQy86VXNlcnM6bWljaGFlbG1pY2hhbHNraTpQaEQ6RGVhckRhdGE6UGFwZXI6UmVmZXJlbmNlczowODE2NjcwNS5wZGYAAA4AGgAMADAAOAAxADYANgA3ADAANQAuAHAAZABmAA8AGgAMAE0AYQBjAGkAbgB0AG8AcwBoACAASABEABIAQVVzZXJzL21pY2hhZWxtaWNoYWxza2kvUGhEL0RlYXJEYXRhL1BhcGVyL1JlZmVyZW5jZXMvMDgxNjY3MDUucGRmAAATAAEvAAAVAAIAF///AACABtIbHB0eWiRjbGFzc25hbWVYJGNsYXNzZXNdTlNNdXRhYmxlRGF0YaMdHyBWTlNEYXRhWE5TT2JqZWN00hscIiNcTlNEaWN0aW9uYXJ5oiIgXxAPTlNLZXllZEFyY2hpdmVy0SYnVHJvb3SAAQAIABEAGgAjAC0AMgA3AEAARgBNAFUAYABnAGoAbABuAHEAcwB1AHcAhACOAJsAoACoAioCLAIxAjwCRQJTAlcCXgJnAmwCeQJ8Ao4CkQKWAAAAAAAAAgEAAAAAAAAAKAAAAAAAAAAAAAAAAAAAApg=},
	Bdsk-Url-1 = {https://dx.doi.org/10.1109/CSEET.2017.41}}

@article{Ho:2001:SPPDSDTDBNE,
	Author = {Chun-Heng Ho},
	Date-Added = {2018-03-06 10:54:59 +0000},
	Date-Modified = {2018-03-06 13:46:35 +0000},
	Doi = {https://doi.org/10.1016/S0142-694X(99)00030-7},
	Issn = {0142-694X},
	Journal = {Design Studies},
	Keywords = {industrial design, design strategy, problem decomposition},
	Number = {1},
	Pages = {27 - 45},
	Title = {Some phenomena of problem decomposition strategy for design thinking: differences between novices and experts},
	Url = {http://www.sciencedirect.com/science/article/pii/S0142694X99000307},
	Volume = {22},
	Year = {2001},
	Bdsk-File-1 = {YnBsaXN0MDDUAQIDBAUGJCVYJHZlcnNpb25YJG9iamVjdHNZJGFyY2hpdmVyVCR0b3ASAAGGoKgHCBMUFRYaIVUkbnVsbNMJCgsMDxJXTlMua2V5c1pOUy5vYmplY3RzViRjbGFzc6INDoACgAOiEBGABIAFgAdccmVsYXRpdmVQYXRoWWFsaWFzRGF0YV8QITEtczIuMC1TMDE0MjY5NFg5OTAwMDMwNy1tYWluLnBkZtIXCxgZV05TLmRhdGFPEQHQAAAAAAHQAAIAAAxNYWNpbnRvc2ggSEQAAAAAAAAAAAAAAAAAAAAAAAAAQkQAAf////8fMS1zMi4wLVMwMTQyNjk0WDk5I0ZGRkZGRkZGLnBkZgAAAAAAAAAAAAAAAAAAAAAAAAAAAAAAAAAAAAAAAAAA/////wAAAAAAAAAAAAAAAAABAAIAAAogY3UAAAAAAAAAAAAAAAAAClJlZmVyZW5jZXMAAgBYLzpVc2VyczptaWNoYWVsbWljaGFsc2tpOlBoRDpEZWFyRGF0YTpQYXBlcjpSZWZlcmVuY2VzOjEtczIuMC1TMDE0MjY5NFg5OTAwMDMwNy1tYWluLnBkZgAOAEQAIQAxAC0AcwAyAC4AMAAtAFMAMAAxADQAMgA2ADkANABYADkAOQAwADAAMAAzADAANwAtAG0AYQBpAG4ALgBwAGQAZgAPABoADABNAGEAYwBpAG4AdABvAHMAaAAgAEgARAASAFZVc2Vycy9taWNoYWVsbWljaGFsc2tpL1BoRC9EZWFyRGF0YS9QYXBlci9SZWZlcmVuY2VzLzEtczIuMC1TMDE0MjY5NFg5OTAwMDMwNy1tYWluLnBkZgATAAEvAAAVAAIAF///AACABtIbHB0eWiRjbGFzc25hbWVYJGNsYXNzZXNdTlNNdXRhYmxlRGF0YaMdHyBWTlNEYXRhWE5TT2JqZWN00hscIiNcTlNEaWN0aW9uYXJ5oiIgXxAPTlNLZXllZEFyY2hpdmVy0SYnVHJvb3SAAQAIABEAGgAjAC0AMgA3AEAARgBNAFUAYABnAGoAbABuAHEAcwB1AHcAhACOALIAtwC/ApMClQKaAqUCrgK8AsACxwLQAtUC4gLlAvcC+gL/AAAAAAAAAgEAAAAAAAAAKAAAAAAAAAAAAAAAAAAAAwE=},
	Bdsk-Url-1 = {http://www.sciencedirect.com/science/article/pii/S0142694X99000307},
	Bdsk-Url-2 = {https://doi.org/10.1016/S0142-694X(99)00030-7}}

@inproceedings{Dorst:2010:NDT,
	Author = {Kees Dorst},
	Booktitle = {University of Technology Syndey},
	Date-Added = {2018-03-06 09:28:18 +0000},
	Date-Modified = {2018-03-06 13:46:35 +0000},
	Pages = {131--139},
	Title = {The nature of design thinking},
	Year = {2010},
	Bdsk-File-1 = {YnBsaXN0MDDUAQIDBAUGJCVYJHZlcnNpb25YJG9iamVjdHNZJGFyY2hpdmVyVCR0b3ASAAGGoKgHCBMUFRYaIVUkbnVsbNMJCgsMDxJXTlMua2V5c1pOUy5vYmplY3RzViRjbGFzc6INDoACgAOiEBGABIAFgAdccmVsYXRpdmVQYXRoWWFsaWFzRGF0YV8QEzEwLjEuMS44MzAuNzUzMS5wZGbSFwsYGVdOUy5kYXRhTxEBmAAAAAABmAACAAAMTWFjaW50b3NoIEhEAAAAAAAAAAAAAAAAAAAAAAAAAEJEAAH/////EzEwLjEuMS44MzAuNzUzMS5wZGYAAAAAAAAAAAAAAAAAAAAAAAAAAAAAAAAAAAAAAAAAAAAAAAAAAAAAAAAAAP////8AAAAAAAAAAAAAAAAAAQACAAAKIGN1AAAAAAAAAAAAAAAAAApSZWZlcmVuY2VzAAIASi86VXNlcnM6bWljaGFlbG1pY2hhbHNraTpQaEQ6RGVhckRhdGE6UGFwZXI6UmVmZXJlbmNlczoxMC4xLjEuODMwLjc1MzEucGRmAA4AKAATADEAMAAuADEALgAxAC4AOAAzADAALgA3ADUAMwAxAC4AcABkAGYADwAaAAwATQBhAGMAaQBuAHQAbwBzAGgAIABIAEQAEgBIVXNlcnMvbWljaGFlbG1pY2hhbHNraS9QaEQvRGVhckRhdGEvUGFwZXIvUmVmZXJlbmNlcy8xMC4xLjEuODMwLjc1MzEucGRmABMAAS8AABUAAgAX//8AAIAG0hscHR5aJGNsYXNzbmFtZVgkY2xhc3Nlc11OU011dGFibGVEYXRhox0fIFZOU0RhdGFYTlNPYmplY3TSGxwiI1xOU0RpY3Rpb25hcnmiIiBfEA9OU0tleWVkQXJjaGl2ZXLRJidUcm9vdIABAAgAEQAaACMALQAyADcAQABGAE0AVQBgAGcAagBsAG4AcQBzAHUAdwCEAI4ApACpALECTQJPAlQCXwJoAnYCegKBAooCjwKcAp8CsQK0ArkAAAAAAAACAQAAAAAAAAAoAAAAAAAAAAAAAAAAAAACuw==}}

@article{Dorst:2011:CDTA,
	Author = {Kees Dorst},
	Date-Added = {2018-03-06 09:19:03 +0000},
	Date-Modified = {2018-03-06 13:46:35 +0000},
	Doi = {https://doi.org/10.1016/j.destud.2011.07.006},
	Issn = {0142-694X},
	Journal = {Design Studies},
	Keywords = {reasoning, framing, problem solving, design practice},
	Note = {Interpreting Design Thinking},
	Number = {6},
	Pages = {521 - 532},
	Title = {The core of `design thinking' and its application},
	Url = {http://www.sciencedirect.com/science/article/pii/S0142694X11000603},
	Volume = {32},
	Year = {2011},
	Bdsk-File-1 = {YnBsaXN0MDDUAQIDBAUGJCVYJHZlcnNpb25YJG9iamVjdHNZJGFyY2hpdmVyVCR0b3ASAAGGoKgHCBMUFRYaIVUkbnVsbNMJCgsMDxJXTlMua2V5c1pOUy5vYmplY3RzViRjbGFzc6INDoACgAOiEBGABIAFgAdccmVsYXRpdmVQYXRoWWFsaWFzRGF0YV8QITEtczIuMC1TMDE0MjY5NFgxMTAwMDYwMy1tYWluLnBkZtIXCxgZV05TLmRhdGFPEQHQAAAAAAHQAAIAAAxNYWNpbnRvc2ggSEQAAAAAAAAAAAAAAAAAAAAAAAAAQkQAAf////8fMS1zMi4wLVMwMTQyNjk0WDExI0ZGRkZGRkZGLnBkZgAAAAAAAAAAAAAAAAAAAAAAAAAAAAAAAAAAAAAAAAAA/////wAAAAAAAAAAAAAAAAABAAIAAAogY3UAAAAAAAAAAAAAAAAAClJlZmVyZW5jZXMAAgBYLzpVc2VyczptaWNoYWVsbWljaGFsc2tpOlBoRDpEZWFyRGF0YTpQYXBlcjpSZWZlcmVuY2VzOjEtczIuMC1TMDE0MjY5NFgxMTAwMDYwMy1tYWluLnBkZgAOAEQAIQAxAC0AcwAyAC4AMAAtAFMAMAAxADQAMgA2ADkANABYADEAMQAwADAAMAA2ADAAMwAtAG0AYQBpAG4ALgBwAGQAZgAPABoADABNAGEAYwBpAG4AdABvAHMAaAAgAEgARAASAFZVc2Vycy9taWNoYWVsbWljaGFsc2tpL1BoRC9EZWFyRGF0YS9QYXBlci9SZWZlcmVuY2VzLzEtczIuMC1TMDE0MjY5NFgxMTAwMDYwMy1tYWluLnBkZgATAAEvAAAVAAIAF///AACABtIbHB0eWiRjbGFzc25hbWVYJGNsYXNzZXNdTlNNdXRhYmxlRGF0YaMdHyBWTlNEYXRhWE5TT2JqZWN00hscIiNcTlNEaWN0aW9uYXJ5oiIgXxAPTlNLZXllZEFyY2hpdmVy0SYnVHJvb3SAAQAIABEAGgAjAC0AMgA3AEAARgBNAFUAYABnAGoAbABuAHEAcwB1AHcAhACOALIAtwC/ApMClQKaAqUCrgK8AsACxwLQAtUC4gLlAvcC+gL/AAAAAAAAAgEAAAAAAAAAKAAAAAAAAAAAAAAAAAAAAwE=},
	Bdsk-Url-1 = {http://www.sciencedirect.com/science/article/pii/S0142694X11000603},
	Bdsk-Url-2 = {https://doi.org/10.1016/j.destud.2011.07.006}}

@book{Cross:1992:RDT,
	Annote = {Title
Research in design Thinking

Author
Cross, N. 
Dorst, K. 
Roozenburg, N. 

Faculty
Industrial Design Engineering

Date
1992-12-31

Abstract
Proceedings of a Workshop meeting held at the Faculty of Industrial Design Engineering, Delft University of Technology, The Netherlands, May 29-31, 1991.

To reference this document use:
uuid:83a0d981-d053-4944-90af-3d165b9d079e

Publisher
Delft University Press

ISBN
90-6275-796-0

Part of collection
Institutional Repository

Document type
book

Rights
(c) 1992 Cross, N.},
	Author = {Cross, N. and Dorst, K. and Roozenburg, N.},
	Date-Added = {2018-03-06 08:51:21 +0000},
	Date-Modified = {2018-03-06 13:46:35 +0000},
	Month = {12},
	Publisher = {Delft University Press},
	Title = {Research in design Thinking},
	Year = {1992},
	Bdsk-File-1 = {YnBsaXN0MDDUAQIDBAUGJCVYJHZlcnNpb25YJG9iamVjdHNZJGFyY2hpdmVyVCR0b3ASAAGGoKgHCBMUFRYaIVUkbnVsbNMJCgsMDxJXTlMua2V5c1pOUy5vYmplY3RzViRjbGFzc6INDoACgAOiEBGABIAFgAdccmVsYXRpdmVQYXRoWWFsaWFzRGF0YVwyMzA1NTE0Ny5wZGbSFwsYGVdOUy5kYXRhTxEBfgAAAAABfgACAAAMTWFjaW50b3NoIEhEAAAAAAAAAAAAAAAAAAAAAAAAAEJEAAH/////DDIzMDU1MTQ3LnBkZgAAAAAAAAAAAAAAAAAAAAAAAAAAAAAAAAAAAAAAAAAAAAAAAAAAAAAAAAAAAAAAAAAAAP////8AAAAAAAAAAAAAAAAAAQACAAAKIGN1AAAAAAAAAAAAAAAAAApSZWZlcmVuY2VzAAIAQy86VXNlcnM6bWljaGFlbG1pY2hhbHNraTpQaEQ6RGVhckRhdGE6UGFwZXI6UmVmZXJlbmNlczoyMzA1NTE0Ny5wZGYAAA4AGgAMADIAMwAwADUANQAxADQANwAuAHAAZABmAA8AGgAMAE0AYQBjAGkAbgB0AG8AcwBoACAASABEABIAQVVzZXJzL21pY2hhZWxtaWNoYWxza2kvUGhEL0RlYXJEYXRhL1BhcGVyL1JlZmVyZW5jZXMvMjMwNTUxNDcucGRmAAATAAEvAAAVAAIAF///AACABtIbHB0eWiRjbGFzc25hbWVYJGNsYXNzZXNdTlNNdXRhYmxlRGF0YaMdHyBWTlNEYXRhWE5TT2JqZWN00hscIiNcTlNEaWN0aW9uYXJ5oiIgXxAPTlNLZXllZEFyY2hpdmVy0SYnVHJvb3SAAQAIABEAGgAjAC0AMgA3AEAARgBNAFUAYABnAGoAbABuAHEAcwB1AHcAhACOAJsAoACoAioCLAIxAjwCRQJTAlcCXgJnAmwCeQJ8Ao4CkQKWAAAAAAAAAgEAAAAAAAAAKAAAAAAAAAAAAAAAAAAAApg=}}

@article{Razzouk:2012:WDTI,
	Abstract = { Design thinking is generally defined as an analytic and creative process that engages a person in opportunities to experiment, create and prototype models, gather feedback, and redesign. Several characteristics (e.g., visualization, creativity) that a good design thinker should possess have been identified from the literature. The primary purpose of this article is to summarize and synthesize the research on design thinking to (a) better understand its characteristics and processes, as well as the differences between novice and expert design thinkers, and (b) apply the findings from the literature regarding the application of design thinking to our educational system. The authors' overarching goal is to identify the features and characteristics of design thinking and discuss its importance in promoting students' problem-solving skills in the 21st century. },
	Author = {Rim Razzouk and Valerie Shute},
	Date-Added = {2018-03-06 08:26:31 +0000},
	Date-Modified = {2018-03-06 13:46:35 +0000},
	Doi = {10.3102/0034654312457429},
	Eprint = {https://doi.org/10.3102/0034654312457429},
	Journal = {Review of Educational Research},
	Number = {3},
	Pages = {330-348},
	Title = {What Is Design Thinking and Why Is It Important?},
	Url = {https://doi.org/10.3102/0034654312457429},
	Volume = {82},
	Year = {2012},
	Bdsk-File-1 = {YnBsaXN0MDDUAQIDBAUGJCVYJHZlcnNpb25YJG9iamVjdHNZJGFyY2hpdmVyVCR0b3ASAAGGoKgHCBMUFRYaIVUkbnVsbNMJCgsMDxJXTlMua2V5c1pOUy5vYmplY3RzViRjbGFzc6INDoACgAOiEBGABIAFgAdccmVsYXRpdmVQYXRoWWFsaWFzRGF0YV8QFDAwMzQ2NTQzMTI0NTc0MjkucGRm0hcLGBlXTlMuZGF0YU8RAZ4AAAAAAZ4AAgAADE1hY2ludG9zaCBIRAAAAAAAAAAAAAAAAAAAAAAAAABCRAAB/////xQwMDM0NjU0MzEyNDU3NDI5LnBkZgAAAAAAAAAAAAAAAAAAAAAAAAAAAAAAAAAAAAAAAAAAAAAAAAAAAAAAAAD/////AAAAAAAAAAAAAAAAAAEAAgAACiBjdQAAAAAAAAAAAAAAAAAKUmVmZXJlbmNlcwACAEsvOlVzZXJzOm1pY2hhZWxtaWNoYWxza2k6UGhEOkRlYXJEYXRhOlBhcGVyOlJlZmVyZW5jZXM6MDAzNDY1NDMxMjQ1NzQyOS5wZGYAAA4AKgAUADAAMAAzADQANgA1ADQAMwAxADIANAA1ADcANAAyADkALgBwAGQAZgAPABoADABNAGEAYwBpAG4AdABvAHMAaAAgAEgARAASAElVc2Vycy9taWNoYWVsbWljaGFsc2tpL1BoRC9EZWFyRGF0YS9QYXBlci9SZWZlcmVuY2VzLzAwMzQ2NTQzMTI0NTc0MjkucGRmAAATAAEvAAAVAAIAF///AACABtIbHB0eWiRjbGFzc25hbWVYJGNsYXNzZXNdTlNNdXRhYmxlRGF0YaMdHyBWTlNEYXRhWE5TT2JqZWN00hscIiNcTlNEaWN0aW9uYXJ5oiIgXxAPTlNLZXllZEFyY2hpdmVy0SYnVHJvb3SAAQAIABEAGgAjAC0AMgA3AEAARgBNAFUAYABnAGoAbABuAHEAcwB1AHcAhACOAKUAqgCyAlQCVgJbAmYCbwJ9AoECiAKRApYCowKmArgCuwLAAAAAAAAAAgEAAAAAAAAAKAAAAAAAAAAAAAAAAAAAAsI=},
	Bdsk-Url-1 = {https://doi.org/10.3102/0034654312457429}}

@article{Buchanan:1992:WPDT,
	Author = {Richard Buchanan},
	Date-Added = {2018-03-06 08:18:43 +0000},
	Date-Modified = {2018-03-06 13:46:35 +0000},
	Doi = {10.2307/1511637},
	Issn = {07479360, 15314790},
	Journal = {Design Issues},
	Number = {2},
	Pages = {5-21},
	Publisher = {The MIT Press},
	Title = {Wicked Problems in Design Thinking},
	Url = {http://www.jstor.org/stable/1511637},
	Volume = {8},
	Year = {1992},
	Bdsk-File-1 = {YnBsaXN0MDDUAQIDBAUGJCVYJHZlcnNpb25YJG9iamVjdHNZJGFyY2hpdmVyVCR0b3ASAAGGoKgHCBMUFRYaIVUkbnVsbNMJCgsMDxJXTlMua2V5c1pOUy5vYmplY3RzViRjbGFzc6INDoACgAOiEBGABIAFgAdccmVsYXRpdmVQYXRoWWFsaWFzRGF0YVsxNTExNjM3LnBkZtIXCxgZV05TLmRhdGFPEQF4AAAAAAF4AAIAAAxNYWNpbnRvc2ggSEQAAAAAAAAAAAAAAAAAAAAAAAAAQkQAAf////8LMTUxMTYzNy5wZGYAAAAAAAAAAAAAAAAAAAAAAAAAAAAAAAAAAAAAAAAAAAAAAAAAAAAAAAAAAAAAAAAAAAAA/////wAAAAAAAAAAAAAAAAABAAIAAAogY3UAAAAAAAAAAAAAAAAAClJlZmVyZW5jZXMAAgBCLzpVc2VyczptaWNoYWVsbWljaGFsc2tpOlBoRDpEZWFyRGF0YTpQYXBlcjpSZWZlcmVuY2VzOjE1MTE2MzcucGRmAA4AGAALADEANQAxADEANgAzADcALgBwAGQAZgAPABoADABNAGEAYwBpAG4AdABvAHMAaAAgAEgARAASAEBVc2Vycy9taWNoYWVsbWljaGFsc2tpL1BoRC9EZWFyRGF0YS9QYXBlci9SZWZlcmVuY2VzLzE1MTE2MzcucGRmABMAAS8AABUAAgAX//8AAIAG0hscHR5aJGNsYXNzbmFtZVgkY2xhc3Nlc11OU011dGFibGVEYXRhox0fIFZOU0RhdGFYTlNPYmplY3TSGxwiI1xOU0RpY3Rpb25hcnmiIiBfEA9OU0tleWVkQXJjaGl2ZXLRJidUcm9vdIABAAgAEQAaACMALQAyADcAQABGAE0AVQBgAGcAagBsAG4AcQBzAHUAdwCEAI4AmgCfAKcCIwIlAioCNQI+AkwCUAJXAmACZQJyAnUChwKKAo8AAAAAAAACAQAAAAAAAAAoAAAAAAAAAAAAAAAAAAACkQ==},
	Bdsk-Url-1 = {http://www.jstor.org/stable/1511637}}

@article{Johansson-Skoldberg:2013:DTPPPF,
	Author = {Johansson-Sk{\"o}ldberg, Ulla and Woodilla, Jill and {\c C}etinkaya, Mehves},
	Date-Added = {2018-03-05 13:57:04 +0000},
	Date-Modified = {2018-03-06 13:46:35 +0000},
	Doi = {10.1111/caim.12023},
	Issn = {1467-8691},
	Journal = {Creativity and Innovation Management},
	Number = {2},
	Pages = {121--146},
	Title = {Design Thinking: Past, Present and Possible Futures},
	Url = {http://dx.doi.org/10.1111/caim.12023},
	Volume = {22},
	Year = {2013},
	Bdsk-File-1 = {YnBsaXN0MDDUAQIDBAUGJCVYJHZlcnNpb25YJG9iamVjdHNZJGFyY2hpdmVyVCR0b3ASAAGGoKgHCBMUFRYaIVUkbnVsbNMJCgsMDxJXTlMua2V5c1pOUy5vYmplY3RzViRjbGFzc6INDoACgAOiEBGABIAFgAdccmVsYXRpdmVQYXRoWWFsaWFzRGF0YV8QR0pvaGFuc3Nvbi1Tay1sZGJlcmdfZXRfYWwtMjAxMy1DcmVhdGl2aXR5X2FuZF9Jbm5vdmF0aW9uX01hbmFnZW1lbnQucGRm0hcLGBlXTlMuZGF0YU8RAmgAAAAAAmgAAgAADE1hY2ludG9zaCBIRAAAAAAAAAAAAAAAAAAAAAAAAABCRAAB/////x9Kb2hhbnNzb24tU2stbGRiZXIjRkZGRkZGRkYucGRmAAAAAAAAAAAAAAAAAAAAAAAAAAAAAAAAAAAAAAAAAAD/////AAAAAAAAAAAAAAAAAAEAAgAACiBjdQAAAAAAAAAAAAAAAAAKUmVmZXJlbmNlcwACAH4vOlVzZXJzOm1pY2hhZWxtaWNoYWxza2k6UGhEOkRlYXJEYXRhOlBhcGVyOlJlZmVyZW5jZXM6Sm9oYW5zc29uLVNrLWxkYmVyZ19ldF9hbC0yMDEzLUNyZWF0aXZpdHlfYW5kX0lubm92YXRpb25fTWFuYWdlbWVudC5wZGYADgCQAEcASgBvAGgAYQBuAHMAcwBvAG4ALQBTAGsALQBsAGQAYgBlAHIAZwBfAGUAdABfAGEAbAAtADIAMAAxADMALQBDAHIAZQBhAHQAaQB2AGkAdAB5AF8AYQBuAGQAXwBJAG4AbgBvAHYAYQB0AGkAbwBuAF8ATQBhAG4AYQBnAGUAbQBlAG4AdAAuAHAAZABmAA8AGgAMAE0AYQBjAGkAbgB0AG8AcwBoACAASABEABIAfFVzZXJzL21pY2hhZWxtaWNoYWxza2kvUGhEL0RlYXJEYXRhL1BhcGVyL1JlZmVyZW5jZXMvSm9oYW5zc29uLVNrLWxkYmVyZ19ldF9hbC0yMDEzLUNyZWF0aXZpdHlfYW5kX0lubm92YXRpb25fTWFuYWdlbWVudC5wZGYAEwABLwAAFQACABf//wAAgAbSGxwdHlokY2xhc3NuYW1lWCRjbGFzc2VzXU5TTXV0YWJsZURhdGGjHR8gVk5TRGF0YVhOU09iamVjdNIbHCIjXE5TRGljdGlvbmFyeaIiIF8QD05TS2V5ZWRBcmNoaXZlctEmJ1Ryb290gAEACAARABoAIwAtADIANwBAAEYATQBVAGAAZwBqAGwAbgBxAHMAdQB3AIQAjgDYAN0A5QNRA1MDWANjA2wDegN+A4UDjgOTA6ADowO1A7gDvQAAAAAAAAIBAAAAAAAAACgAAAAAAAAAAAAAAAAAAAO/},
	Bdsk-Url-1 = {http://dx.doi.org/10.1111/caim.12023}}

