@Misc{CHINOSAUR:venue,
  author =       {@\_CHINOSAUR},
  key =          {_CHINOSAUR},
  howpublished = {Tweet},
  title =        {"VENUE IS TOO COLD" \#BINGO \#CHI2014},
  month =        {May},
  day =          1,
  year =         2014,
  note =         {Retrieved Febuary 2, 2015 from
                  \url{https://twitter.com/_CHINOSAUR/status/461864317415989248}},
  annote =       {Tweet}
}


@article{witmer1998measuring,
  title={Measuring presence in virtual environments: A presence questionnaire},
  author={Witmer, Bob G and Singer, Michael J},
  journal={Presence},
  volume={7},
  number={3},
  pages={225--240},
  year={1998},
  publisher={MIT Press}
}

@inproceedings{galvan2015characterizing,
  title={Characterizing embodied interaction in first and third person perspective viewpoints},
  author={Galvan Debarba, Henrique and Molla, Eray and Herbelin, Bruno and Boulic, Ronan},
  booktitle={2015 IEEE Symposium on 3D User Interfaces (3DUI)},
  number={EPFL-CONF-206979},
  year={2015}
}

@misc{Eagle,
      Author = {{Ubisoft Montreal}},
      Day = {18},
      Howpublished = {Game [VR]},
      Month = {October},
      Note = {Last played January 2019.},
      Publisher = {Ubisoft},
      Title = {\emph{Eagle Flight}},
      Year = {2016}
}


@article{waltemate2018impact,
  title={The Impact of Avatar Personalization and Immersion on Virtual Body Ownership, Presence, and Emotional Response},
  author={Waltemate, Thomas and Gall, Dominik and Roth, Daniel and Botsch, Mario and Latoschik, Marc Erich},
  journal={IEEE transactions on visualization and computer graphics},
  volume={24},
  number={4},
  pages={1643--1652},
  year={2018},
  publisher={IEEE}
}

@article{hoffman1998virtual,
  title={Virtual reality: A new tool for interdisciplinary psychology research},
  author={Hoffman, Hunter},
  journal={CyberPsychology \& Behavior},
  volume={1},
  number={2},
  pages={195--200},
  year={1998}
}

@article{szymanski1995fear,
  title={Fear of spiders questionnaire},
  author={Szymanski, Jeff and O'Donohue, William},
  journal={Journal of behavior therapy and experimental psychiatry},
  volume={26},
  number={1},
  pages={31--34},
  year={1995},
  publisher={Elsevier}
}

@article{garcia2002virtual,
  title={Virtual reality in the treatment of spider phobia: a controlled study},
  author={Garcia-Palacios, Azucena and Hoffman, Hunter and Carlin, Albert and Furness Iii, TA and Botella, Cristina},
  journal={Behaviour research and therapy},
  volume={40},
  number={9},
  pages={983--993},
  year={2002},
  publisher={Elsevier}
}

@article{bouchard2006effectiveness,
  title={Effectiveness of virtual reality exposure in the treatment of arachnophobia using 3D games},
  author={Bouchard, St{\'e}phane and C{\^o}t{\'e}, Sophie and St-Jacques, Julie and Robillard, Genevi{\`e}ve and Renaud, Patrice},
  journal={Technology and health care},
  volume={14},
  number={1},
  pages={19--27},
  year={2006},
  publisher={IOS Press}
}


@article{hoffman2003interfaces,
  title={Interfaces that heal: Coupling real and virtual objects to treat spider phobia},
  author={Hoffman, Hunter G and Garcia-Palacios, Azucena and Carlin, Albert and Furness Iii, Thomas A and Botella-Arbona, Cristina},
  journal={international Journal of Human-Computer interaction},
  volume={16},
  number={2},
  pages={283--300},
  year={2003},
  publisher={Taylor \& Francis}
}

@article{carlin1997virtual,
  title={Virtual reality and tactile augmentation in the treatment of spider phobia: a case report},
  author={Carlin, Albert S and Hoffman, Hunter G and Weghorst, Suzanne},
  journal={Behaviour research and therapy},
  volume={35},
  number={2},
  pages={153--158},
  year={1997},
  publisher={Elsevier}
}

@misc{bouchard2014advances,
  title={Advances in Virtual Reality and Anxiety Disorders},
  author={Bouchard, S and Wiederhold, BK and Boss{\'e}, J},
  year={2014},
  publisher={Springer}
}

@article{marshall1977flooding,
  title={Flooding therapy: Effectiveness, stimulus characteristics, and the value of brief in vivo exposure},
  author={Marshall, WL and Gauthier, Janel and Christie, MM and Currie, DW and Gordon, A},
  journal={Behaviour Research and therapy},
  volume={15},
  number={1},
  pages={79--87},
  year={1977},
  publisher={Elsevier}
}

@article{shapse2008diagnostic,
  title={THE DIAGNOSTIC AND STATISTICAL MANUAL OF MENTAL DISORDERS i},
  author={SHAPSE, STEVEN N},
  year={2008}
}

@article{taylor2005empathy,
  title={Empathy and attitudes to animals},
  author={Taylor, Nicola and Signal, Tania D},
  journal={Anthrozo{\"o}s},
  volume={18},
  number={1},
  pages={18--27},
  year={2005},
  publisher={Taylor \& Francis}
}


@article{berenguer2007effect,
  title={The effect of empathy in proenvironmental attitudes and behaviors},
  author={Berenguer, Jaime},
  journal={Environment and Behavior},
  volume={39},
  number={2},
  pages={269--283},
  year={2007},
  publisher={Sage Publications Sage CA: Thousand Oaks, CA}
}

@article{laviola2000discussion,
  title={A discussion of cybersickness in virtual environments},
  author={LaViola Jr, Joseph J},
  journal={ACM SIGCHI Bulletin},
  volume={32},
  number={1},
  pages={47--56},
  year={2000},
  publisher={ACM}
}

@inproceedings{latoschik2016fakemi,
  title={FakeMi: a fake mirror system for avatar embodiment studies},
  author={Latoschik, Marc Erich and Lugrin, Jean-Luc and Roth, Daniel},
  booktitle={Proceedings of the 22nd ACM Conference on Virtual Reality Software and Technology},
  pages={73--76},
  year={2016},
  organization={ACM}
}

@article{won2015homuncular,
  title={Homuncular flexibility: the human ability to inhabit nonhuman avatars},
  author={Won, Andrea Stevenson and Bailenson, Jeremy N and Lanier, Jaron},
  journal={Emerging Trends in the Social and Behavioral Sciences: An Interdisciplinary, Searchable, and Linkable Resource},
  pages={1--16},
  year={2015},
  publisher={Wiley Online Library}
}

@article{ahn2016experiencing,
  title={Experiencing nature: Embodying animals in immersive virtual environments increases inclusion of nature in self and involvement with nature},
  author={Ahn, Sun Joo and Bostick, Joshua and Ogle, Elise and Nowak, Kristine L and McGillicuddy, Kara T and Bailenson, Jeremy N},
  journal={Journal of Computer-Mediated Communication},
  volume={21},
  number={6},
  pages={399--419},
  year={2016},
  publisher={Oxford University Press Oxford, UK}
}


@article{heeter1992being,
  title={Being there: The subjective experience of presence},
  author={Heeter, Carrie},
  journal={Presence: Teleoperators \& Virtual Environments},
  volume={1},
  number={2},
  pages={262--271},
  year={1992},
  publisher={MIT Press}
}

@misc{Deadly,
      Author = {{Rainbow Studios}},
      Day = {13},
      Howpublished = {Game [Nintendo Wii]},
      Month = {February},
      Publisher = {\emph{THQ}},
      Title = {\emph{Deadly Creatures}},
      Year = {2009}
}

@misc{Gothic,
      Author = {{Piranha Bytes}},
      Day = {13},
      Howpublished = {Game [Windows]},
      Month = {June},
      Note = {Last played March 2018.},
      Publisher = {\emph{JoWooD Productions}},
      Title = {\emph{Gothic 2}},
      Year = {2003}
}

@misc{BlackWhite,
      Author = {{Lionhead Studios}},
      Day = {30},
      Howpublished = {Game [Windows]},
      Month = {March},
      Note = {Last played August 2003.},
      Publisher = {\emphElectronic Arts}},
      Title = {\emph{Black \& White}},
      Year = {2001}
}

@article{buss2004introduction,
  title={Introduction to inverse kinematics with jacobian transpose, pseudoinverse and damped least squares methods},
  author={Buss, Samuel R},
  journal={IEEE Journal of Robotics and Automation},
  volume={17},
  number={1-19},
  pages={16},
  year={2004}
}

@misc{unity,
title = {{Unity}},
author = {Unity Technologies},
howpublished = {Website},
year = {2018},
note = {Retrieved March 29, 2018 from \url{https://unity3d.com/}}
}


@misc{vive,
title = {{HTC Vive}},
author = {HTC Corporation},
howpublished = {Website},
year = {2018},
note = {Retrieved March 29, 2018 from \url{https://www.vive.com/}}
}

@article{botvinick1998rubber,
  title={Rubber hands ‘feel’touch that eyes see},
  author={Botvinick, Matthew and Cohen, Jonathan},
  journal={Nature},
  volume={391},
  number={6669},
  pages={756},
  year={1998},
  publisher={Nature Publishing Group}
}

@article{slater2010first,
  title={First person experience of body transfer in virtual reality},
  author={Slater, Mel and Spanlang, Bernhard and Sanchez-Vives, Maria V and Blanke, Olaf},
  journal={PloS one},
  volume={5},
  number={5},
  pages={e10564},
  year={2010},
  publisher={Public Library of Science}
}

@article{banakou2013illusory,
  title={Illusory ownership of a virtual child body causes overestimation of object sizes and implicit attitude changes},
  author={Banakou, Domna and Groten, Raphaela and Slater, Mel},
  journal={Proceedings of the National Academy of Sciences},
  volume={110},
  number={31},
  pages={12846--12851},
  year={2013},
  publisher={National Acad Sciences}
}

@article{tsakiris2005rubber,
  title={The rubber hand illusion revisited: visuotactile integration and self-attribution.},
  author={Tsakiris, Manos and Haggard, Patrick},
  journal={Journal of Experimental Psychology: Human Perception and Performance},
  volume={31},
  number={1},
  pages={80},
  year={2005},
  publisher={American Psychological Association}
}

@article{lloyd2007spatial,
  title={Spatial limits on referred touch to an alien limb may reflect boundaries of visuo-tactile peripersonal space surrounding the hand},
  author={Lloyd, Donna M},
  journal={Brain and cognition},
  volume={64},
  number={1},
  pages={104--109},
  year={2007},
  publisher={Elsevier}
}


@article{ehrsson2009many,
  title={How many arms make a pair? Perceptual illusion of having an additional limb},
  author={Ehrsson, H Henrik},
  journal={Perception},
  volume={38},
  number={2},
  pages={310--312},
  year={2009},
  publisher={SAGE Publications Sage UK: London, England}
}


@article{slater2008towards,
  title={Towards a digital body: the virtual arm illusion},
  author={Slater, Mel and P{\'e}rez Marcos, Daniel and Ehrsson, Henrik and Sanchez-Vives, Maria V},
  journal={Frontiers in human neuroscience},
  volume={2},
  pages={6},
  year={2008},
  publisher={Frontiers}
}

@article{sanchez2010virtual,
  title={Virtual hand illusion induced by visuomotor correlations},
  author={Sanchez-Vives, Maria V and Spanlang, Bernhard and Frisoli, Antonio and Bergamasco, Massimo and Slater, Mel},
  journal={PloS one},
  volume={5},
  number={4},
  pages={e10381},
  year={2010},
  publisher={Public Library of Science}
}

@article{tsakiris2010my,
  title={My body in the brain: a neurocognitive model of body-ownership},
  author={Tsakiris, Manos},
  journal={Neuropsychologia},
  volume={48},
  number={3},
  pages={703--712},
  year={2010},
  publisher={Elsevier}
}


@unpublished{IJsselsteijn.2013,
author = {IJsselsteijn, W. A. and de Kort, Y. A.W. and Poels, K.},
year = {2013},
title = {The Game Experience Questionnaire: Development of a self-report measure to assess the psychological impact of digital games. Manuscript in Preparation}
}

@inproceedings{ijsselsteijn2008measuring,
  title={Measuring the experience of digital game enjoyment},
  author={IJsselsteijn, Wijnand and Van Den Hoogen, Wouter and Klimmt, Christoph and De Kort, Yvonne and Lindley, Craig and Mathiak, Klaus and Poels, Karolien and Ravaja, Niklas and Turpeinen, Marko and Vorderer, Peter},
  booktitle={Proceedings of Measuring Behavior},
  pages={88--89},
  year={2008},
  organization={Noldus Information Tecnology Wageningen, Netherlands}
}

@inproceedings{ijsselsteijn2007characterising,
  title={Characterising and measuring user experiences in digital games},
  author={IJsselsteijn, Wijnand and De Kort, Yvonne and Poels, Karolien and Jurgelionis, Audrius and Bellotti, Francesco},
  booktitle={International conference on advances in computer entertainment technology},
  volume={2},
  pages={27},
  year={2007}
}

@article{slater2009inducing,
  title={Inducing illusory ownership of a virtual body},
  author={Slater, Mel and P{\'e}rez Marcos, Daniel and Ehrsson, Henrik and Sanchez-Vives, Maria V},
  journal={Frontiers in neuroscience},
  volume={3},
  pages={29},
  year={2009},
  publisher={Frontiers}
}

@article{perez2012my,
  title={Is my hand connected to my body? The impact of body continuity and arm alignment on the virtual hand illusion},
  author={Perez-Marcos, Daniel and Sanchez-Vives, Maria V and Slater, Mel},
  journal={Cognitive neurodynamics},
  volume={6},
  number={4},
  pages={295--305},
  year={2012},
  publisher={Springer}
}

@article{ehrsson2007experimental,
  title={The experimental induction of out-of-body experiences},
  author={Ehrsson, H Henrik},
  journal={Science},
  volume={317},
  number={5841},
  pages={1048--1048},
  year={2007},
  publisher={American Association for the Advancement of Science}
}

@article{steptoe2013human,
  title={Human tails: ownership and control of extended humanoid avatars},
  author={Steptoe, William and Steed, Anthony and Slater, Mel},
  journal={IEEE Transactions on Visualization \& Computer Graphics},
  number={4},
  pages={583--590},
  year={2013},
  publisher={IEEE}
}

@article{lenggenhager2007video,
  title={Video ergo sum: manipulating bodily self-consciousness},
  author={Lenggenhager, Bigna and Tadi, Tej and Metzinger, Thomas and Blanke, Olaf},
  journal={Science},
  volume={317},
  number={5841},
  pages={1096--1099},
  year={2007},
  publisher={American Association for the Advancement of Science}
}

@article{normand2011multisensory,
  title={Multisensory stimulation can induce an illusion of larger belly size in immersive virtual reality},
  author={Normand, Jean-Marie and Giannopoulos, Elias and Spanlang, Bernhard and Slater, Mel},
  journal={PloS one},
  volume={6},
  number={1},
  pages={e16128},
  year={2011},
  publisher={Public Library of Science}
}

@article{blom2014effects,
  title={The effects of rotating the self out of the body in the full virtual body ownership illusion},
  author={Blom, Kristopher J and Arroyo-Palacios, Jorge and Slater, Mel},
  journal={Perception},
  volume={43},
  number={4},
  pages={275--294},
  year={2014},
  publisher={SAGE Publications Sage UK: London, England}
}


@inproceedings{Egeberg:2016:EHB:2927929.2927940,
 author = {Egeberg, Mie C. S. and Lind, Stine L. R. and Serubugo, Sule and Skantarova, Denisa and Kraus, Martin},
 title = {Extending the Human Body in Virtual Reality: Effect of Sensory Feedback on Agency and Ownership of Virtual Wings},
 booktitle = {Proceedings of the 2016 Virtual Reality International Conference},
 series = {VRIC '16},
 year = {2016},
 isbn = {978-1-4503-4180-6},
 location = {Laval, France},
 pages = {30:1--30:4},
 articleno = {30},
 numpages = {4},
 url = {http://doi.acm.org/10.1145/2927929.2927940},
 doi = {10.1145/2927929.2927940},
 acmid = {2927940},
 publisher = {ACM},
 address = {New York, NY, USA},
 keywords = {extended avatar, perception, sensory feedback, tactile display, virtual reality, virtual wings, visuomotor, visuotactile},
} 

@inproceedings{roth2017alpha,
  title={Alpha IVBO-construction of a scale to measure the illusion of virtual body ownership},
  author={Roth, Daniel and Lugrin, Jean-Luc and Latoschik, Marc Erich and Huber, Stephan},
  booktitle={Proceedings of the 2017 CHI Conference Extended Abstracts on Human Factors in Computing Systems},
  pages={2875--2883},
  year={2017},
  organization={ACM}
}

@inproceedings{leite2012shape,
  title={Shape your body: control a virtual silhouette using body motion},
  author={Leite, Lu{\'\i}s and Orvalho, Veronica},
  booktitle={CHI'12 Extended Abstracts on Human Factors in Computing Systems},
  pages={1913--1918},
  year={2012},
  organization={ACM}
}

@inproceedings{sikstrom2014role,
  title={The role of sound in the sensation of ownership of a pair of virtual wings in immersive VR},
  author={Sikstr{\"o}m, Erik and De G{\"o}tzen, Amalia and Serafin, Stefania},
  booktitle={Proceedings of the 9th Audio Mostly: A Conference on Interaction With Sound},
  pages={24},
  year={2014},
  organization={ACM}
}

@article{rhodin2015generalizing,
  title={Generalizing wave gestures from sparse examples for real-time character control},
  author={Rhodin, Helge and Tompkin, James and Kim, Kwang In and De Aguiar, Edilson and Pfister, Hanspeter and Seidel, Hans-Peter and Theobalt, Christian},
  journal={ACM Transactions on Graphics (TOG)},
  volume={34},
  number={6},
  pages={181},
  year={2015},
  publisher={ACM}
}

@inproceedings{rhodin2014interactive,
  title={Interactive motion mapping for real-time character control},
  author={Rhodin, Helge and Tompkin, James and In Kim, Kwang and Varanasi, Kiran and Seidel, Hans-Peter and Theobalt, Christian},
  booktitle={Computer Graphics Forum},
  volume={33},
  number={2},
  pages={273--282},
  year={2014},
  organization={Wiley Online Library}
}

@article{petkova2008if,
  title={If I were you: perceptual illusion of body swapping},
  author={Petkova, Valeria I and Ehrsson, H Henrik},
  journal={PloS one},
  volume={3},
  number={12},
  pages={e3832},
  year={2008},
  publisher={Public Library of Science}
}

@inproceedings{jun2018full,
  title={Full-Body Ownership Illusion Can Change Our Emotion},
  author={Jun, Joohee and Jung, Myeongul and Kim, So-Yeon and Kim, Kwanguk Kenny},
  booktitle={Proceedings of the 2018 CHI Conference on Human Factors in Computing Systems},
  pages={601},
  year={2018},
  organization={ACM}
}

@article{kilteni2013drumming,
  title={Drumming in immersive virtual reality: the body shapes the way we play},
  author={Kilteni, Konstantina and Bergstrom, Ilias and Slater, Mel},
  journal={IEEE Transactions on Visualization \& Computer Graphics},
  number={4},
  pages={597--605},
  year={2013},
  publisher={IEEE}
}

@article{peck2013putting,
  title={Putting yourself in the skin of a black avatar reduces implicit racial bias},
  author={Peck, Tabitha C and Seinfeld, Sofia and Aglioti, Salvatore M and Slater, Mel},
  journal={Consciousness and cognition},
  volume={22},
  number={3},
  pages={779--787},
  year={2013},
  publisher={Elsevier}
}

@article{yee2007proteus,
  title={The Proteus effect: The effect of transformed self-representation on behavior},
  author={Yee, Nick and Bailenson, Jeremy},
  journal={Human communication research},
  volume={33},
  number={3},
  pages={271--290},
  year={2007},
  publisher={Oxford University Press Oxford, UK}
}

@article{guterstam2011illusion,
  title={The illusion of owning a third arm},
  author={Guterstam, Arvid and Petkova, Valeria I and Ehrsson, H Henrik},
  journal={PloS one},
  volume={6},
  number={2},
  pages={e17208},
  year={2011},
  publisher={Public Library of Science}
}

@inproceedings{lugrin2016avatar,
  title={Avatar anthropomorphism and acrophobia},
  author={Lugrin, Jean-Luc and Polyschev, Ivan and Roth, Daniel and Latoschik, Marc Erich},
  booktitle={Proceedings of the 22nd ACM Conference on Virtual Reality Software and Technology},
  pages={315--316},
  year={2016},
  organization={ACM}
}

@article{kilteni2012sense,
  title={The sense of embodiment in virtual reality},
  author={Kilteni, Konstantina and Groten, Raphaela and Slater, Mel},
  journal={Presence: Teleoperators and Virtual Environments},
  volume={21},
  number={4},
  pages={373--387},
  year={2012},
  publisher={MIT Press}
}

@inproceedings{lugrin2015anthropomorphism,
  title={Anthropomorphism and illusion of virtual body ownership},
  author={Lugrin, J-L and Latt, Johanna and Latoschik, Marc Erich},
  booktitle={Proceedings of the 25th International Conference on Artificial Reality and Telexistence and 20th Eurographics Symposium on Virtual Environments},
  pages={1--8},
  year={2015},
  organization={Eurographics Association}
}

@article{kilteni2012extending,
  title={Extending body space in immersive virtual reality: a very long arm illusion},
  author={Kilteni, Konstantina and Normand, Jean-Marie and Sanchez-Vives, Maria V and Slater, Mel},
  journal={PloS one},
  volume={7},
  number={7},
  pages={e40867},
  year={2012},
  publisher={Public Library of Science}
}

@inproceedings{jo2017impact,
  title={The impact of avatar-owner visual similarity on body ownership in immersive virtual reality},
  author={Jo, Dongsik and Kim, Kangsoo and Welch, Gregory F and Jeon, Woojin and Kim, Yongwan and Kim, Ki-Hong and Kim, Gerard Jounghyun},
  booktitle={Proceedings of the 23rd ACM Symposium on Virtual Reality Software and Technology},
  pages={77},
  year={2017},
  organization={ACM}
}

@inproceedings{lin2016need,
  title={Need a hand?: how appearance affects the virtual hand illusion},
  author={Lin, Lorraine and J{\"o}rg, Sophie},
  booktitle={Proceedings of the ACM Symposium on Applied Perception},
  pages={69--76},
  year={2016},
  organization={ACM}
}

@article{maselli2013building,
  title={The building blocks of the full body ownership illusion},
  author={Maselli, Antonella and Slater, Mel},
  journal={Frontiers in human neuroscience},
  volume={7},
  pages={83},
  year={2013},
  publisher={Frontiers}
}

@article{slater2010first,
  title={First person experience of body transfer in virtual reality},
  author={Slater, Mel and Spanlang, Bernhard and Sanchez-Vives, Maria V and Blanke, Olaf},
  journal={PloS one},
  volume={5},
  number={5},
  pages={e10564},
  year={2010},
  publisher={Public Library of Science}
}

@book{sherman2002understanding,
  title={Understanding virtual reality: Interface, application, and design},
  author={Sherman, William R and Craig, Alan B},
  year={2002},
  publisher={Elsevier}
}

@article{cairns2014immersion,
  title={Immersion in digital games: review of gaming experience research},
  author={Cairns, Paul and Cox, Anna and Nordin, A Imran},
  journal={Handbook of digital games},
  pages={337--361},
  year={2014},
  publisher={Citeseer}
}

@article{slater1995taking,
  title={Taking steps: the influence of a walking technique on presence in virtual reality},
  author={Slater, Mel and Usoh, Martin and Steed, Anthony},
  journal={ACM Transactions on Computer-Human Interaction (TOCHI)},
  volume={2},
  number={3},
  pages={201--219},
  year={1995},
  publisher={ACM}
}

@proceeding{IJsselsteijn,
author = {IJsselsteijn, Wijnand A. and de Ridder, Huib and Freeman, Jonathan and Avons, Steve E.},
title = {Presence: concept, determinants, and measurement},
journal = {Proc. SPIE},
volume = {3959},
number = {},
pages = {520-529},
abstract = {The concept of presence, i.e. the sensation of 'being there' in a mediated environment, has received substantial attention from the virtual reality community, and is becoming increasingly relevant both to broadcasters and display developers. Although research into presence is still at an early stage of development, there is a consensus that presence has multiple determinants. To identify and test which parameters affect presence, a reliable, robust and valid means of measuring presence is required. In this paper, we describe the categories of factors thought to have an impact on presence. Furthermore, we present an overview of various approaches taken to measuring presence, which can be divided into two general categories: subjective measures and objective corroborative measures. Since presence is a subjective experience, the most direct way of assessment is through users' subjective report. This approach has serious limitations however, and should be used judiciously. Objective measures, such as postural, physiological or social responses to media, can be used to corroborate subjective measures, thereby overcoming some of their limitations. At present, the most promising direction for presence measurement is to develop and use an aggregate measure of presence that is comprised of both subjective and objective components, tailored to the specific medium under study.},
year = {2000},
doi = {10.1117/12.387188},
URL = { http://dx.doi.org/10.1117/12.387188},
eprint = {}
}

@article{lombard1997heart,
  title={At the heart of it all: The concept of presence},
  author={Lombard, Matthew and Ditton, Theresa},
  journal={Journal of Computer-Mediated Communication},
  volume={3},
  number={2},
  pages={0--0},
  year={1997},
  publisher={Wiley Online Library}
}

@article{slater2003note,
  title={A note on presence terminology},
  author={Slater, Mel},
  journal={Presence connect},
  volume={3},
  number={3},
  pages={1--5},
  year={2003},
  publisher={Emerald Group Publishing Limited}
}


@incollection{Biocca:1995:IVR:207922.207926,
 author = {Biocca, Frank and Delaney, Ben},
 chapter = {Immersive Virtual Reality Technology},
 title = {Communication in the Age of Virtual Reality},
 editor = {Biocca, Frank and Levy, Mark R.},
 year = {1995},
 isbn = {0-8058-1550-3},
 pages = {57--124},
 numpages = {68},
 url = {http://dl.acm.org/citation.cfm?id=207922.207926},
 acmid = {207926},
 publisher = {L. Erlbaum Associates Inc.},
 address = {Hillsdale, NJ, USA},
} 

@incollection{Wiemeyer.2016,
 author = {Wiemeyer, Josef and Nacke, Lennart and Moser, Christiane and Mueller, Florian},
 title = {Player Experience},
 pages = {243--271},
 publisher = {{Springer International Publishing}},
 isbn = {978-3-319-40612-1},
 editor = {D{\"o}rner, Ralf and G{\"o}bel, Stefan and Effelsberg, Wolfgang and Wiemeyer, Josef},
 booktitle = {Serious Games},
 year = {2016},
 address = {Cham}
}

@misc{supermetroid:snes,
	Address = {Kyoto, Japan},
	Author = {{Nintendo R\&D1} and {Intelligent Systems}},
	Day = {18},
	Howpublished = {Game [SNES]},
	Month = {April},
	Note = {Nintendo, Kyoto, Japan. Played August 2011.},
	Publisher = {Nintendo},
	Title = {\emph{Super Metroid}},
	Year = {1994}
}

@inproceedings{Klemmer:2002:WSC:503376.503378,
  author =       {Klemmer, Scott R. and Thomsen, Michael and
                  Phelps-Goodman, Ethan and Lee, Robert and Landay,
                  James A.},
  title =        {Where Do Web Sites Come from?: Capturing and
                  Interacting with Design History},
  booktitle =    {Proceedings of the SIGCHI Conference on Human
                  Factors in Computing Systems},
  series =       {CHI '02},
  year =         2002,
  isbn =         {1-58113-453-3},
  location =     {Minneapolis, Minnesota, USA},
  pages =        {1--8},
  url =          {http://doi.acm.org/10.1145/503376.503378},
  doi =          {10.1145/503376.503378},
  acmid =        503378,
  publisher =    {ACM},
  address =      {New York, NY, USA},
  keywords =     {CSCW, activity capture, design rationale, history
                  management, informal interfaces, sketching, tangible
                  UI, web design},
}

@inproceedings{Mather:2000:MUT,
  title =        {Making up titles for conference papers},
  author =       {Mather, B. D.},
  booktitle =    {Ext. Abstracts CHI 2000},
  year =         2000,
  publisher =    "ACM Press",
  pages =        "1-2",
}

@book{Schwartz:1995:GBF,
  title =        {Guidelines for Bias-Free Writing},
  author =       {Marilyn Schwartz},
  address =      {Bloomington, IN, USA},
  year =         1995,
  publisher =    {ERIC}
}

@inproceedings{Zellweger:2001:FAO:504216.504224,
  author =       {Zellweger, Polle T. and Bouvin, Niels Olof and
                  Jeh{\o}j, Henning and Mackinlay, Jock D.},
  title =        {Fluid annotations in an open world},
  booktitle =    {Proc. Hypertext 2001},
  year =         2001,
  pages =        {9--18},
  publisher =    {ACM Press},
}

@misc{acm_categories,
  key =          "ACM",
  author =       {ACM},
  title =        {How to Classify Works Using ACM's Computing
                  Classification System},
  year =         1998,
  note =         {\url{http://www.acm.org/class/how_to_use.html}},
}

@Misc{cavender:writing,
  author =       {Anna Cavender and Shari Trewin and Vicki Hanson},
  title =        {Accessible Writing Guide},
  year =         2014,
  day =          22,
  note =
                  {\url{http://www.sigaccess.org/welcome-to-sigaccess/resources/accessible-writing-guide/}},
  annote =       {URL}
}

@article{ethics,
  title =        {{Social Impacts of Computing: Codes of Professional
                  Ethics}},
  author =       {R. E. Anderson},
  doi =          "10.1177/089443939201000402",
  journal =      "Social Science Computer Review December",
  year =         1992,
  volume =       10,
  number =       4,
  pages =        "453-469"
}

@Misc{heilig:sensorama,
  author =       {Morton L. Heilig},
  title =        {Sensorama Simulator},
  howpublished = {U.S. Patent 3,050,870},
  month =        {August},
  day =          28,
  year =         1962,
  note =         {Filed Februrary 22, 1962.},
  annote =       {is this right?}
},

@article{kaye:puc,
  year =         2014,
  issn =         {1617-4909},
  journal =      {Personal and Ubiquitous Computing},
  volume =       18,
  number =       4,
  doi =          {10.1007/s00779-014-0773-4},
  title =        {Special issue on science fiction and ubiquitous
                  computing},
  url =          {http://dx.doi.org/10.1007/s00779-014-0773-4},
  publisher =    {Springer London},
  author =       {Kaye, Jofish and Dourish, Paul},
  pages =        {765-766},
  language =     {English}
}

@Misc{psy:gangnam,
  author =       {Psy},
  title =        {Gangnam Style},
  howpublished = {Video},
  month =        {July},
  day =          15,
  year =         2012,
  note =         {Retrieved August 22, 2014 from
                  \url{https://www.youtube.com/watch?v=9bZkp7q19f0}},
  annote =       {Video URL}
}

@article{nagel1974like,
  title={What is it like to be a bat?},
  author={Nagel, Thomas},
  journal={The philosophical review},
  volume={83},
  number={4},
  pages={435--450},
  year={1974},
  publisher={JSTOR}
}


@book{riva2014interacting,
  title={Interacting with Presence: HCI and the Sense of Presence in Computer-mediated Environments},
  author={Riva, Giuseppe and Waterworth, John and Murray, Dianne},
  year={2014},
  publisher={Walter de Gruyter GmbH \& Co KG}
}

@article{bach2003sensory,
  title={Sensory substitution and the human--machine interface},
  author={Bach-y-Rita, Paul and Kercel, Stephen W},
  journal={Trends in cognitive sciences},
  volume={7},
  number={12},
  pages={541--546},
  year={2003},
  publisher={Elsevier}
}


@PhdThesis{sutherland:sketchpad,
  author =       {Ivan E. Sutherland},
  title =        {Sketchpad, a Man-Machine Graphical Communication
                  System},
  school =       {Massachusetts Institute of Technology},
  year =         1963,
  address =      {Cambridge, MA},
}

@InBook{winner:politics,
  author =       {Langdon Winner},
  title =        {The Social Shaping of Technology},
  chapter =      {Do artifacts have politics?},
  publisher =    {Open University Press},
  year =         1999,
  address =      {UK},
  edition =      {2nd},
  pages =        {28--40},
}

@inproceedings{wehbe2015towards,
  title={Towards Understanding the Importance of Co-Located Gameplay},
  author={Wehbe, Rina R and Nacke, Lennart E},
  booktitle={Proceedings of the 2015 Annual Symposium on Computer-Human Interaction in Play},
  pages={733--738},
  year={2015},
  organization={ACM}
}

@inproceedings{krekhov2018anim,
 author = {Krekhov, Andrey and Cmentowski, Sebastian and Kr\"{u}ger, Jens},
 title = {VR Animals: Surreal Body Ownership in Virtual Reality Games},
 booktitle = {Proceedings of the 2018 Annual Symposium on Computer-Human Interaction in Play Companion Extended Abstracts},
 series = {CHI PLAY '18 Extended Abstracts},
 year = {2018},
 isbn = {978-1-4503-5968-9},
 location = {Melbourne, VIC, Australia},
 pages = {503--511},
 numpages = {9},
 url = {http://doi.acm.org/10.1145/3270316.3271531},
 doi = {10.1145/3270316.3271531},
 acmid = {3271531},
 publisher = {ACM},
 address = {New York, NY, USA},
 keywords = {animal avatar control, animal embodiment, body transfer illusion, virtual body ownership, virtual reality games},
} 



